2248 3372
45 290 186 356 1⁸³¹?
239 290 446 347 'Ecclesiae
473 313 519 341 se
555 301 662 340 filios
699 313 790 340 esse
828 301 972 345 dicunt,
1014 312 1092 339 non

238 357 365 396 solum
394 358 430 394 in
459 357 532 394 hac
573 356 779 403 questione
818 355 977 402 litigium
1011 366 1092 392 mo-

238 418 345 468 vent,
361 416 434 454 sed
448 415 698 453 sacratissimi
719 415 959 461 principatus
978 425 1094 452 voca-

239 470 370 508 bulum
397 469 667 511 abhorrentes,
697 468 939 514 superiorum
977 479 1093 514 quae-

179 528 183 533 ’
223 529 407 570 ,εῒίοηιιῐη
435 523 476 566 et
503 528 616 581 huius
644 527 828 574 principia
848 527 1093 573 impudenter

239 584 443 630 negarent.
472 581 574 619 Sunt
601 583 642 618 et
669 581 784 623 tertii,
814 592 915 627 quos
944 581 1091 618 Decre-

239 641 393 679 talistas
420 642 576 684 vocant,
605 641 668 686 qui
698 640 924 687 theologiae
945 651 991 677 ac
1011 640 1091 686 phi-

239 695 442 741 losophiae
471 694 677 731 cuiuslibet
704 694 813 730 inscii
833 696 874 730 et
893 696 1090 740 expertes,

240 754 323 791 suis
369 753 655 795 Decretalibus,
700 774 748 779 -—
783 763 882 798 quas
911 749 1090 798 profecto

237 806 489 844 venerandas
503 807 758 850 existimo,—
775 808 860 843 tota
875 807 1103 845 intentione

237 866 365 909 innixi,
395 865 444 903 de
473 866 621 902 illarum
665 866 935 911 praevalentia
972 865 1092 902 credo

237 921 458 965 sperantes,
488 919 649 965 Imperio
678 919 884 966 derogant.
914 918 996 956 Nec
1030 919 1094 955 mi-

237 988 344 1023 rum„
362 989 450 1022 cum,
470 978 551 1019 ‚iam
579 974 801 1015 audiverim
821 978 1013 1024 quendam
1043 978 1092 1014 de

238 1031 314 1069 illis
342 1031 559 1073 dicentem,
582 1034 623 1068 et
660 1026 879 1078 procaciter
916 1042 1094 1068 asseren-

1040 137 1184 167 tur-nu„
1196 131 1241 163 i1.

1169 300 1414 339 Sacrosanto
1443 302 1604 349 Impero,
1634 313 1794 351 negano
1832 301 2029 348 impuden-

1156 357 1340 394 .temente
1385 356 1406 408 i·
1438 356 1611 402 principii
1655 356 1758 393 delle
1800 355 2035 402 precedenti-

1166 409 1361 454 questioni
1404 420 1426 446 e
1472 409 1576 446 della
1619 412 1817 456 presente.
1847 430 1896 436 ·-
1926 409 1974 446 Vi
2002 410 2026 446 ὲ

1166 462 1231 508 poi
1261 472 1311 498 un
1340 464 1452 501 terzo
1496 473 1650 510 gruppo
1693 463 1756 500 dei
1801 464 1884 500 cosi
1929 462 2026 499 detti

1169 520 1433 564 Decretalisti‚
1463 522 1657 569 ignoranti
1696 533 1718 559 e
1759 522 1946 568 inesperti
1988 521 2026 558 di

1166 575 1351 620 qualsiasi
1363 575 1538 622 teologia
1546 586 1568 612 e
1576 574 1764 618 filosofia,
1776 576 1847 612 che
1856 586 1928 612 con
1938 575 2026 612 tutti

1164 628 1217 675 gli
1234 627 1353 665 sforzi
1377 627 1613 666 fondandosi
1630 630 1729 666 sulle
1745 629 1943 666 Decretali
1975 650 2024 655 —

1166 681 1237 718 che
1267 682 1305 718 io
1324 682 1440 719 stimo
1460 684 1701 719 certamente
1722 682 1953 728 rispettabili
1975 704 2024 708 —

1167 741 1215 777 si·
1243 751 1484 788 oppongono
1532 741 1767 788 all’lmpero‚
1815 741 2025 788 sperando,

1167 794 1300 838 credo,
1331 796 1435 831 nella
1469 795 1707 841 prevalenza
1736 795 1773 832 di
1802 795 1944 841 quelle.
1965 794 2025 831 Ne

1167 848 1228 884 cio
1258 849 1306 884 mi
1337 847 1378 884 fa
1398 849 1638 896 meraviglia‚
1656 849 1811 885 avendo
1831 849 1897 896 gia
1917 848 2024 885 udito
2072 878 2079 891 ,

1167 902 1308 938 alcuno
1327 902 1363 938 di
1380 902 1466 939 loro
1477 902 1560 939 dire
1586 913 1608 938 e
1630 904 2025 948 presuntuosamente

1161 962 1374 1007 ,sostenere
1430 962 1502 999 che
1559 962 1595 998 le
1661 961 1864 1004 tradizioni
1921 961 2025 998 della
2049 961 2058 972 ⁸

1168 1013 1315 1051 Chiesa
1352 1025 1453 1052 sono
1489 1014 1745 1052 fondamento
1778 1015 1882 1051 della
1918 1014 2023 1051 fede.

240 1092 330 1133 tem,
368 1090 600 1130 traditiones
639 1091 840 1127 Ecclesiae
878 1089 970 1128 fidei
1001 1101 1093 1127 esse
1126 1072 1129 1118 1
1169 1066 1204 1103 Α
1243 1068 1463 1105 ‘imuoveoe
1497 1070 1639 1134 (111(ῗ810
1668 1068 1841 1134 nefando
1888 1078 2024 1105 errore

238 1141 547 1181 fundamentum.
569 1143 687 1189 Quod
716 1144 870 1190 quidem
899 1143 1015 1181 nefas
1043 1144 1093 1181 de
1126 1119 1129 1191 1
1172 1126 1277 1163 dana
1324 1130 1453 1164 mente
1509 1127 1572 1164 ‘¹3¹
1632 1129 1783 1165 1110Γῖ811
1839 1137 2024 1174 vengano

239 1203 423 1249 opinione
461 1203 678 1257 mortalium
726 1203 778 1239 illi
821 1204 1092 1242 submoveant,

241 1263 327 1308 qui,
347 1264 438 1300 ante
461 1262 687 1300 'traditones
718 1263 925 1300 Ecclesiae*
962 1263 998 1299 in
1036 1262 1095 1299 Fi-

204 1319 205 1322 ’
241 1321 329 1358 lium
373 1321 448 1358 Dei
491 1317 699 1365 Christum‘,
743 1322 829 1359 sive
876 1324 1092 1364 venturum,

239 1374 325 1412 sive
372 1378 635 1421 praesentem,
682 1375 767 1412 sive
815 1376 888 1412 iam
936 1386 1092 1422 passum

231 1433 504 1478 ‘crediderunt;
534 1436 575 1470 et
603 1434 802 1471 credendo
822 1437 1092 1480 speraverunt,

238 1488 280 1524 et
325 1489 534 1535 sperantes
580 1488 769 1524 charitate
819 1491 1010 1531 arserunt,
1053 1491 1094 1525 et

237 1539 425 1583 ardentes
479 1547 515 1583 ei
563 1547 783 1584 coheredes
829 1547 958 1584 tactos
1000 1559 1093 1584 esse

238 1598 403 1636 mundus
438 1610 516 1636 non
555 1600 718 1637 dubitat.
748 1600 797 1636 Et
834 1603 876 1637 ut
912 1602 1014 1638 tales
1042 1601 1092 1638 de

239 1658 439 1703 praesenti
455 1659 660 1706 gymnasio
690 1660 865 1696 totaliter
885 1660 1092 1705 excltidan-

204 1731 211 1734 ·
238 1717 312 1759 tur,
341 1718 405 1754 est
431 1717 728 1760 advertendum,
757 1719 861 1765 quod
899 1719 1090 1765 quaedam

237 1775 430 1822 scriptura
458 1779 520 1813 est
539 1779 630 1814 ante
653 1777 878 1821 Ecclesiam,
899 1779 1090 1825 quaedam

237 1844 322 1887 cii-m
365 1835 556 1882 Ecclesia,
590 1836 781 1882 quaedam
824 1840 915 1883 post
962 1838 1092 1890 Eccle-

236 1893 344 1930 siam.
388 1893 490 1931 Ante
550 1895 703 1941 quidem
754 1896 966 1934 Ecclesiam
999 1900 1090 1934 sunt

1111 1196 1113 1202 v
1171 1181 1308 1217 coloro
1329 1181 1399 1217 che
1421 1181 1542 1226 prima
1562 1181 1666 1218 della
1685 1180 1900 1218 tradizione
1920 1180 2024 1217 della

1172 1232 1320 1270 Chiesa
1348 1233 1578 1271 credettero'
1604 1235 1640 1271 in
1671 1233 1817 1276 Cristo,
1846 1234 1957 1281 tiglio
1986 1233 2023 1270 di

1169 1284 1258 1330 Dio,
1274 1287 1335 1324 sia
1349 1289 1529 1330 venturo,
1546 1289 1605 1325 sia
1625 1291 1823 1334 presente,
1844 1288 1903 1325 sia
1918 1287 2023 1333 dopo

1168 1346 1205 1382 la
1238 1357 1311 1383 sua
1350 1347 1548 1392 passione,
1578 1357 1614 1390 e,
1649 1347 1859 1389 credendo,
1894 1357 2025 1392 spera-

1169 1410 1280 1442 rono,
1315 1411 1350 1442 e,
1389 1400 1599 1446 sperando,
1638 1411 1775 1438 arsero
1813 1401 1850 1437 di
1888 1401 2022 1442 carita,

1169 1453 1219 1489 ed
1249 1454 1272 1489 il
1302 1453 1446 1490 mondo
1476 1465 1554 1491 non
1585 1453 1719 1491 dubita
1748 1455 1818 1491 che
1839 1454 1952 1491 siano
1972 1453 2025 1490 di-

1166 1507 1316 1543 ventati
1337 1508 1423 1544 suoi
1444 1507 1615 1544 coeredi.
1637 1507 1713 1544 Per
1733 1507 1938 1544 escludere
1958 1506 2022 1544 del

1167 1567 1268 1602 tutto
1297 1569 1438 1612 questa
1466 1569 1586 1614 gente
1616 1567 1678 1603 dal
1718 1569 1855 1603 nostro
1883 1577 2022 1612 campo

1170 1618 1206 1655 di
1238 1620 1349 1663 lotta,
1378 1620 1410 1656 si
1441 1619 1542 1656 deve
1571 1622 1710 1657 notare
1749 1621 1820 1656 che
1858 1619 2022 1666 qualche
2072 1618 2075 1624 s

1169 1679 1352 1715 scrittura
1381 1681 1404 1715 e
1433 1679 1554 1725 prima
1592 1679 1696 1723 della
1734 1668 1892 1721 Chiesa,
1921 1680 2022 1715 altra
2065 1697 2075 1702 -

1124 1739 1127 1789 ι
1166 1734 1497 1778 contemporanea
1508 1733 1585 1769 alla
1596 1731 1755 1775 Chiesa,
1772 1732 1822 1769 ed
1837 1733 1937 1769 altra
1957 1733 2021 1779 poi

1166 1790 1274 1837 dopo
1304 1791 1341 1827 la
1379 1790 1538 1828 Chiesa.
1569 1791 1696 1828 Prima
1733 1791 1837 1828 della
1875 1790 2022 1828 Chiesa

1165 1855 1267 1881 sono
1283 1845 1306 1880 il
1321 1844 1494 1882 Vecchio
1509 1856 1531 1881 e
1553 1845 1576 1881 il
1591 1844 1735 1882 Nuovo
1751 1845 2039 1886 Testamento‚·

1164 1903 1352 1945 affidatici
1369 1904 1405 1940 in
1417 1906 1568 1947 eterno,
1585 1915 1696 1941 come
1712 1905 1798 1941 dice
1810 1905 1833 1941 il
1846 1903 2021 1947 Profeta3

230 1951 360 1990 Vetus
389 1954 430 1990 et
467 1953 619 1991 Novum
649 1954 954 2018 Testamentum,
984 1957 1088 2002 quod
1122 1937 1190 2007 “e
1220 1959 1362 2003 questo
1401 1959 1423 1994 ὲ
1461 1969 1556 2004 pure
1595 1959 1725 2004 quello
1764 1959 1835 1995 che
1869 1958 1954 1994 dice
1983 1958 2021 1994 la

333 2159 696 2199 Decrelflll'sfas.....
725 2159 855 2197 Parad.
886 2166 949 2204 IX,
978 2167 1070 2200 134:
1103 2178 1152 2198 «e
1179 2168 1258 2199 solo
1283 2169 1318 2199 ai
1346 2169 1531 2200 Decretali
1558 2186 1573 2192 -
1598 2170 1630 2200 si
1656 2170 1841 2210 studia»;
1868 2171 2017 2213 eConY.

242 2220 306 2262 1v,
340 2223 396 2256 12.
428 2223 508 2255 Una.
533 2223 693 2255 mov-olto·
718 2224 756 2255 di
782 2225 980 2264 Decretali,
1006 2226 1084 2258 eloe
1110 2227 1146 2258 di
1179 2227 1280 2267 leggi
1317 2230 1483 2260 emanate
1508 2228 1570 2260 dal
1607 2231 1732 2269 potere
1768 2229 2019 2261 eeclesiastico

239 2278 280 2311 fu
306 2281 506 2328 compilata
531 2282 578 2314 da
602 2283 779 2323 Gregorio
805 2280 942 2316 IX'nel
971 2286 1075 2316 1234.

294 2362 300 2367 -
330 2336 418 2374 10Ιᾶ
430 2337 654 2376 intentione
678 2339 865 2377 ῘΠΠῘΧῘ....
894 2343 1056 2376 Intentio
1081 2344 1221 2377 dieitur
1245 2348 1426 2386 quatenus
1451 2348 1507 2379 est
1532 2348 1648 2387 actus,
1673 2357 1746 2388 quo
1773 2357 1873 2379 mens
1898 2348 2020 2379 inali-

232 2399 320 2439 quid
348 2400 480 2439 tendit,
495 2401 553 2432 vel
579 2402 690 2433 etiam
731 2404 912 2442 qnatenus
936 2413 1039 2435 mens
1072 2404 1109 2435 id
1134 2404 1231 2445 quod
1258 2405 1502 2445 apprehendit
1526 2406 1572 2438 ad
1599 2406 1742 2447 aliquid
1767 2407 1871 2438 aliud
1885 2416 2018 2447 eogno-

179 2456 182 2458 ’
234 2458 406 2490 scendum
445 2459 605 2494 ordinat.
633 2460 763 2493 Thom.
791 2462 859 2502 Aq.
887 2461 1035 2494 Summa
1059 2463 1175 2496 theol.
1203 2463 1232 2504 Ι,
1257 2467 1398 2505 quaest.
1425 2464 1482 2504 79,
1507 2474 1541 2498 a.
1568 2466 1622 2499 10.

332 2525 420 2564 Nec
450 2528 591 2566 mitum
616 2538 738 2574 quum
761 2523 843 2566 iam
868 2529 1087 2568 audiverim
1123 2535 1195 2566 eto.
1221 2534 1262 2565 E’
1279 2539 1444 2580 appunto
1463 2535 1491 2567 il
1517 2537 1653 2569 Ductor
1680 2537 1928 2575 Deoretorum,
1946 2537 2019 2568 En-

235 2587 313 2630 rioo
350 2589 398 2620 da
422 2589 612 2630 Cremona,
646 2591 713 2622 ohe
738 2591 814 2623 alla
839 2592 910 2624 fine
936 2592 995 2624 del
1022 2594 1177 2625 trattato
1202 2592 1255 2624 De
1291 2596 1476 2634 potestate
1512 2605 1627 2636 papae
1666 2597 1807 2636 soi-ive;
1850 2596 1897 2627 Et
1933 2605 2017 2628 oum

235 2648 358 2682 omnia
383 2649 598 2689 supradicta·
624 2651 665 2682 ut
689 2650 890 2690 plurimum
916 2662 980 2694 per
998 2662 1127 2685 saeros
1152 2663 1308 2686 canones
1334 2656 1421 2686 sunt
1447 2654 1613 2695 legitime
1639 2655 1854 2697 approbata,
1882 2657 1919 2686 et
1943 2656 2017 2696 ipsi

235 2716 393 2739 oenones
420 2709 507 2739 sunt
531 2717 596 2748 per
621 2707 799 2748 Spiritum
825 2710 996 2743 Sanctum
1022 2712 1169 2754 dictati,
1197 2722 1284 2754 ergo
1308 2713 1374 2754 qui
1400 2713 1469 2745 hoo
1494 2715 1734 2745 oontemnunt
1775 2716 1811 2745 et
1837 2723 1907 2746 non
1946 2724 2018 2746 ore-

180 2768 192 2788 *-
239 2765 332 2798 dunt
358 2771 444 2798 sunt
472 2766 783 2807 blasphematores
808 2769 969 2809 Spiritus
994 2770 1134 2813 Sancti,
1160 2771 1361 2803 violatores
1396 2781 1538 2812 quoque
1575 2775 1645 2804 eto.
1685 2771 1831 2814 (Soholz
1868 2773 1911 2805 R.
1948 2773 2017 2805 Die

237 2823 467 2858 Publizistik
493 2835 557 2857 zur
583 2826 664 2858 Zeit
691 2826 861 2868 Philipps
886 2828 950 2860 des
975 2828 1161 2861 Schoenen
1187 2830 1261 2861 und
1291 2829 1456 2862 Bonifaz'
1475 2830 1576 2862 VIII.
1600 2831 1800 2873 stuttgart,
1830 2832 1932 2872 1903,
1956 2842 2017 2873 pa.

229 2881 318 2924 gina
341 2883 521 2927 459-471).

328 2950 572 2995 coheredes.
602 2943 707 2989 Paul.
735 2957 854 2998 Epist.
880 2958 926 2989 ad
952 2958 1056 2992 Rom.
1073 2958 1176 2999 VIII,
1205 2959 1324 2991 15-17.
1353 2959 1436 3000 Ipse
1461 2961 1558 2991 enini
1586 2959 1746 3002 Spiritus
1762 2962 2014 2994 testimonium
2051 2966 2055 2971 ’

240 3011 362 3045 reddit
386 3013 690 3054 spirituinostro
716 3017 814 3057 qnod
840 3026 966 3049 1111111118
991 3017 1062 3049 filii
1088 3017 1171 3050 Dei.
1198 3017 1236 3049 Si
1262 3020 1383 3051 autem
1411 3019 1480 3050 filii
1507 3021 1544 3051 et
1561 3019 1735 3054 heredes:
1763 3020 1913 3052 heredes
1938 3021 2016 3062 qui-

240 3069 321 3102 dem
347 3070 429 3114 Dei,
456 3072 651 3109 coheredes
677 3081 798 3107 autern
826 3075 980 3108 Christi.
