2248 3372
542 229 866 240 wquvx.
881 229 941 238 ψ».
959 232 977 236 ».

213 321 427 370 quaedam;
464 321 506 356 et
532 318 706 356 similiter
743 316 895 357 domus,
927 315 1067 352 civitas

214 379 256 414 et
274 384 454 423 regnum3
483 373 539 410 sic
557 373 681 409 totum
699 380 827 418 genus
845 369 1068 410 humanum;

215 439 314 477 ergo
373 428 499 475 genus
558 426 761 462 humanum
822 423 968 468 optime
1023 432 1068 458 se

215 487 378 528 habens,
407 486 457 522 ab
477 484 624 521 unitate
652 493 753 528 quae
783 484 846 519 est
865 482 901 518 in
931 482 1069 517 volun-

216 540 362 579 tatibus
397 536 606 584 dependet.
644 534 726 572 Sed
754 536 828 572 hoc
868 545 960 571 esse
991 530 1077 569 non'

217 599 361 647 potest,
393 597 467 634 nisi
495 597 546 633 sit
572 595 758 632 voluntas
786 605 875 638 una,
914 593 1071 630 domina

216 654 259 690 et
279 650 493 699 regulatux
521 649 687 686 omnium
717 648 877 684 aliarum
898 648 934 683 in
955 655 1070 682 unum
1111 659 1112 683 l

217 715 331 752 quum
377 703 593 740 mortalium
640 702 867 738 voluntates
909 702 1072 746 propter

214 763 381 802 blandas
435 761 729 799 adolescentiae
784 759 1072 796 delectationes

215 817 391 864 indigeat
431 815 633 857 directivo,
677 816 719 850 ut
756 814 792 850 in
836 813 978 850 ultimis
1019 812 1076 849 ad

218 876 503 914 Nicomachum
532 873 650 910 docet
678 873 952 918 Philosophus.
990 871 1072 908 Nec

220 930 297 967 ista
325 939 402 966 una
429 928 563 974 potest
582 937 686 969 esse,
715 926 787 963 nisi
809 926 859 963 sit
887 925 1075 970 Princeps

218 999 319 1026 unus
347 987 526 1028 omnium,
564 986 674 1023 cuius
702 986 886 1022 voluntas
919 984 1075 1021 domina

219 1044 263 1079 et
305 1040 519 1088 regulatrix
565 1039 724 1076 aliarum
770 1038 935 1075 omnium
983 1047 1074 1074 esse

223 1100 361 1147 possit.
395 1098 514 1144 Quod
542 1099 574 1135 si
603 1108 741 1134 omnes
769 1096 1075 1142 consequentiae
1115 1107 1117 1129 τ

222 1153 447 1199 superiores
497 1162 617 1188 verae
668 1154 770 1192 sunt,

223 1222 389 1250 necesse
418 1213 480 1248 est
509 1210 558 1247 ad
587 1211 731 1256 optime
765 1221 809 1246 se
838 1210 983 1246 habere
1013 1210 1078 1244 hu·
1116 1226 1117 1240 l

223 1273 374 1302 manum
402 1275 529 1312 genus
557 1275 648 1300 esse
682 1262 718 1300 in
750 1263 891 1306 mundo
921 1262 1078 1299 Monar-

822 1150 926 1196 quod
967 1150 1075 1191 sunt,
1115 1167 1117 1187 i

1002 150 1051 175 ΡΑ
1058 149 1134 184 ατη
1158 148 1203 175 n.
1879 134 1947 166 125

1264 230 1274 234 1
1296 229 1311 232 v
1331 224 1383 232 -ssc
1403 216 1625 232 vx*r.z—<r.1ff„k
1640 221 1658 228 s
1673 221 1721 228 „sse
1744 222 1762 226 cs
1777 217 1994 226 27-r<.r»,r..aer‚„-

1106 300 1109 346 ἱ
1141 321 1294 348 umano.
1326 309 1491 355 Dunque
1521 308 1546 344 il
1575 318 1724 354 genere
1755 307 2001 348 umano,tro-

1106 347 1110 422 ξ
1141 363 1307 401 vandosi
1350 363 1463 403 bene,
1484 360 1652 406 dipende
1691 359 1900 396 dall'unita
1928 358 2000 394 che

1107 430 1110 469 ᾗ
1143 417 1211 454 v'e
1240 417 1302 453 nei
1333 415 1470 452 voleri.
1502 414 1658 459 Questo
1688 415 1785 459 pero
1815 422 1892 448 non
1923 412 2000 457 puo

1108 477 1111 503 ὲ
1144 470 1348 512 accadere,
1369 480 1413 506 se
1430 479 1507 505 non
1524 469 1557 504 ci
1573 468 1632 504 sia
1644 466 1823 504 un'unica
1839 466 2002 502 volonta

1109 531 1112 556 ὲ
1144 525 1303 571 signora
1329 534 1351 559 e
1382 521 1618 568 regolatrice
1647 520 1684 556 di
1714 522 1814 556 tutte
1835 521 1871 555 le
1902 519 2002 554 altre

1109 578 1112 632 ξ
1144 587 1263 614 verso
1280 587 1328 612 un
1350 577 1410 612 sol
1427 574 1519 616 fine,
1549 574 1692 620 perche
1709 574 1744 609 le
1761 573 1923 609 volonta
1939 571 2002 607 dei
2049 615 2052 618 ἢ

1110 634 1113 658 ¹
1146 630 1297 667 mortali
1327 640 1350 665 a
1380 628 1546 675 cagione
1566 627 1639 665 ,dei
1670 626 1895 673 lusinghieri
1926 625 2025 670 pia-e

1146 690 1224 726 ceri
1241 689 1345 725 della
1360 687 1593 735 giovinezza
1608 689 1778 722 sentono
1795 686 1818 721 il
1834 685 2004 731 bisogno

1146 743 1183 780 di
1205 741 1506 783 una·direttiva‚
1536 750 1646 776 come
1668 740 1833 785 insegna
1862 739 1884 774 il
1906 737 2007 773 Filo-

1112 783 1115 845 1
1147 795 1238 834 soto
1267 796 1371 842 negli
1393 794 1511 831 ultimi
1533 794 1618 830 libri
1639 803 1663 829 a
1691 792 1916 829 Nicomaco.
1945 790 2005 826 Ne

1112 848 1116 909 ’ἰ
1147 850 1288 896 questa
1330 849 1407 894 puo
1451 847 1611 888 esserci,
1641 857 1686 882 se
1716 856 1792 882 non
1836 843 1913 881 v'e
1955 854 2004 879 un

1113 910 1116 984 Ι
1148 901 1326 948 Principe
1370 901 1496 943 unico,
1545 902 1582 936 la
1629 899 1688 935 cui
1737 899 1900 935 volonta
1948 897 2007 933 sia

1114 986 1116 1008 ἱ
1148 956 1309 1003 signora
1338 966 1360 991 e
1390 954 1627 1002 regolatrice
1657 952 1694 988 di
1717 954 1816 989 tutte
1838 953 1874 988 le
1895 952 2006 993 altre.

1113 1010 1116 1043 ῗ
1150 1013 1235 1050 Che
1255 1025 1300 1050 se
1329 1015 1430 1050 tutte
1450 1013 1487 1049 le
1508 1022 1784 1059 conseguenze
1815 1010 2007 1056 superiori

1149 1078 1250 1104 sono
1279 1077 1374 1103 vere
1405 1087 1418 1094 -
1448 1077 1558 1103 come
1579 1066 1618 1102 lo
1648 1076 1749 1102 sono
1779 1085 1793 1091 -
1823 1066 1846 1100 e
1875 1074 2010 1100 neces—

1115 1132 1116 1139 *
1150 1121 1255 1173 sario
1298 1120 1369 1156 che
1397 1120 1449 1156 'al
1492 1120 1709 1156 benessere
1753 1118 1815 1154 del
1859 1127 2007 1164 genere

1115 1195 1117 1199 ,
1151 1184 1292 1210 umano
1321 1174 1383 1209 nel
1414 1172 1557 1210 mondo
1578 1172 1611 1208 ci
1637 1172 1696 1209 sia
1726 1182 1774 1207 un
1806 1171 2008 1211 Monarca,

1151 1238 1173 1263 e
1207 1227 1244 1263 di
1287 1236 1565 1273 conseguenza
1607 1226 1643 1261 al
1686 1226 1902 1262 benessere
1946 1223 2008 1259 del

1151 1280 1294 1317 mondo
1324 1282 1357 1316 e·
1375 1279 1604 1316 necessaria
1633 1279 1670 1314 la
1699 1278 1941 1315 Monarchia.

223 1324 332 1362 cham
362 1325 403 1360 et
421 1334 491 1369 per
514 1333 772 1368 ‚consequens
810 1321 1076 1358 Monarchiam
1116 1338 1117 1341 =

225 1377 275 1414 ad
302 1377 404 1414 bene
433 1386 524 1413 esse
554 1375 693 1412 mundi.

264 1471 339 1509 XV!
355 1471 501 1518 (xvm).
519 1470 750 1514 Rationibus
765 1470 943 1506 omnibus
960 1477 1078 1514 supra

225 1524 375 1570 positis,
405 1524 647 1570 experientia
689 1523 950 1560 memorabilis
983 1524 1080 1559 atte-

226 1585 372 1627 statum
391 1585 520 1620 status
538 1582 722 1619 videlicet
741 1582 842 1618 illius
862 1582 1078 1618 mortalium

226 1646 340 1682 quem
375 1635 448 1672 Dei
477 1635 608 1677 Filius,
647 1635 683 1671 in
713 1635 877 1672 salutem
914 1635 1080 1671 hominis

228 1695 420 1734 hominem
453 1695 734 1739 assumpturus,
763 1695 826 1730 vel
856 1694 1081 1739 expectavit

228 1747 293 1784 vel
322 1758 406 1784 cum
435 1747 559 1783 voluit
578 1747 661 1793 ipse
691 1747 894 1793 disposuit.
925 1746 1022 1783 Nam
1048 1747 1080 1783 si

230 1811 255 1837 a
282 1800 393 1846 lapsu
423 1800 627 1846 primorum
653 1802 867 1846 parentum,
896 1800 1002 1846 quod
1031 1799 1082 1836 di—

229 1854 456 1896 verticulum
493 1858 566 1895 fuit
597 1859 718 1896 totius
755 1861 915 1896 nostrae
953 1858 1083 1895 devia—

230 1912 358 1955 tionis,
375 1912 654 1958 dispositiones
668 1913 861 1949 hominum
882 1914 923 1948 et
937 1915 1083 1958 tempo-

1205 1369 1279 1406 xvi
1311 1369 1460 1414 (xviii).
1501 1368 1553 1404 Le
1593 1367 1823 1413 sopradette
1858 1365 2009 1412 ragioni

1151 1433 1252 1459 sono
1291 1421 1533 1458 confermate
1572 1420 1622 1457 da
1652 1431 1701 1457 un
1740 1419 1842 1456 fatto
1872 1429 2012 1460 memo-

1152 1475 1288 1518 rando,
1318 1475 1453 1522 voglio
1484 1474 1565 1510 dire
1588 1474 1638 1510 da
1658 1475 1789 1519 quello
1819 1475 1926 1509 stato
1947 1472 2008 1507 dei

1153 1529 1321 1570 mortali,
1345 1529 1415 1564 che
1446 1528 1469 1563 il
1490 1527 1616 1574 Figlio
1646 1527 1682 1562 di
1713 1527 1801 1567 Dio,
1837 1527 1965 1562 attese
1987 1535 2011 1561 o

1153 1582 1296 1629 meglio
1317 1582 1490 1626 dispose,
1507 1580 1663 1626 quando
1684 1581 1788 1616 volle
1810 1580 1887 1626 egli
1910 1580 2011 1615 stes-

1153 1651 1212 1682 so,
1234 1641 1271 1676 in
1300 1641 1359 1676 sul
1382 1642 1503 1685 punto
1524 1639 1561 1675 di
1583 1649 1785 1676 assumere
1806 1641 1946 1675 natura
1975 1637 2012 1673 di

1154 1710 1272 1736 uomo
1302 1710 1372 1745 per
1401 1699 1439 1734 la
1473 1699 1657 1737 salvezza
1695 1697 1926 1734 dell'uomo.
1963 1696 2015 1732 ln-

1117 1490 1120 1582 l

1118 1608 1121 1650 l

1119 1654 1122 1731 l

1119 1737 1122 1786 J
1154 1752 1255 1795 fatti,
1285 1763 1330 1789 se
1361 1752 1465 1788 dalla
1502 1751 1645 1788 caduta
1679 1751 1741 1788 dei
1772 1751 1879 1797 primi
1909 1750 2015 1798 geni·

1120 1800 1122 1843 l
1156 1806 1243 1848 tori,
1286 1806 1357 1842 che
1400 1804 1442 1841 fu
1480 1805 1503 1840 il
1547 1805 1734 1850 principio
1777 1804 1813 1840 di
1857 1806 1959 1840 tutto
1989 1804 2012 1839 il

1120 1856 1123 1907 ᾗ
1157 1862 1294 1896 nostro
1324 1859 1596 1899 traviamento,
1635 1858 1699 1894 noi
1734 1857 1961 1904 prendiamo
1991 1868 2013 1892 a

1122 1915 1123 1938 ἶ
1157 1912 1410 1949 considerare
1436 1912 1472 1948 le
1502 1911 1720 1948 condizioni
1746 1911 1850 1958 degli
1872 1910 2014 1947 uomini

229 1975 274 2002 ra
302 1966 532 2007 recolamus,
550 1976 626 2002 non
649 1966 889 2005 inveniemus
918 1965 989 2002 nisi
1010 1967 1082 2002 sub
1122 1957 1124 1980 ¹
1158 1965 1208 2002 ed
1237 1966 1247 2002 i
1286 1966 1416 2010 tempi,
1460 1975 1536 2001 non
1581 1967 1805 2001 trovcremo
1849 1975 1892 2001 se
1937 1974 2013 2000 non

329 2176 398 2209 XV!
413 2183 566 2218 (xvul).
592 2179 707 2208 cmiv.
738 2178 784 2208 lv
807 2179 838 2209 5.
857 2178 1019 2209 Volendo
1035 2178 1068 2209 la
1083 2178 1383 2209 immensurabile
1399 2178 1517 2209 Boura
1530 2178 1660 2209 divina
1674 2178 1835 2209 l'uma-na
1848 2180 2017 2209 ereatura.

235 2245 258 2267 a
282 2244 320 2266 so
344 2235 614 2276 rioonferiuare,
640 2236 707 2267 ohe
734 2245 796 2276 per
823 2236 858 2267 10
886 2239 1034 2276 peceato
1060 2236 1159 2268 della
1182 2237 1481 2276 prevaricanioue
1506 2237 1565 2268 del
1594 2237 1712 2277 primo
1738 2246 1846 2268 nomo
1872 2237 1919 2268 da
1943 2236 2014 2267 Dio

233 2303 297 2326 era
320 2294 458 2334 partita
483 2304 502 2325 e
527 2294 756 2336 disformata,
783 2294 897 2326 eletto
923 2295 959 2326 fn
989 2296 1025 2326 in
1051 2295 1164 2335 quell'
1178 2284 1362 2327 altissimo
1401 2305 1420 2326 e
1461 2296 1771 2336 oongiuntissimo
1810 2296 2016 2327 ooneistoro

235 2352 364 2385 divino
389 2353 487 2385 della
512 2353 669 2391 Trinita,
694 2353 761 2385 ohe
787 2354 814 2384 il
842 2353 1031 2394 Figliuolo
1057 2354 1094 2385 dl
1123 2355 1193 2385 Dio
1220 2354 1256 2385 in
1284 2356 1382 2386 terra
1407 2354 1675 2386 discendessea
1693 2354 1768 2386 fare
1789 2357 1920 2395 questa
1934 2364 2019 2386 oon-

236 2411 372 2444 oordia.
398 2412 437 2459 E
454 2413 629 2452 porooohe
656 2403 754 2444 uella
779 2422 846 2444 sua
867 2414 1007 2445 vennta
1033 2413 1091 2444 nel
1119 2413 1262 2453 mondo,
1280 2423 1350 2444 non
1379 2414 1580 2445 solamente
1601 2411 1750 2456 ilnCielo
1782 2424 1839 2445 ina
1857 2414 1893 2445 la
1907 2413 2018 2444 Terra

208 2515 210 2518 v
235 2471 438 2503 eonveniva
465 2476 583 2502 essere
610 2472 648 2503 in
674 2472 806 2504 obtima
831 2471 1089 2512 disposizionv,
1129 2482 1148 2504 e
1175 2473 1210 2503 la
1235 2473 1370 2504 ottima
1396 2472 1644 2512 disposizione
1672 2473 1769 2504 della
1812 2472 1924 2503 Terra
1962 2473 2018 2504 sia

237 2529 446 2570 quand'ellu
470 2531 489 2561 ὸ
514 2529 739 2566 Moxmrohia,
765 2531 844 2562 oioe
871 2533 969 2562 tutta
993 2531 1039 2562 ad
1066 2540 1139 2562 uno
1166 2531 1392 2571 Principe....
1421 2531 1592 2565 ordinato
1625 2532 1663 2563 fu
1706 2541 1770 2572 per
1811 2532 1845 2562 ro
1886 2531 2015 2562 divino

238 2589 514 2628 provedimento
552 2589 675 2629 quello
713 2580 845 2630 popolo
870 2599 890 2620 s
915 2589 1040 2630 quella
1065 2590 1157 2622 cittii
1184 2590 1250 2621 ohe
1277 2590 1334 2621 cii»
1361 2590 1477 2622 ‹lovea›
1514 2591 1709 2630 eompiore,
1748 2591 1825 2621 υἱοί·
1867 2590 1902 2620 la
1939 2590 2019 2630 glo-

238 2647 336 2679 riosa
362 2646 487 2679 Roma.
515 2647 557 2679 V.
585 2648 714 2679 Pal-ad.
744 2648 809 2690 VI,
836 2648 894 2682 80,
