2248 3372
242 311 370 359 igitur,
399 309 432 346 si
461 307 551 355 quid
579 308 653 349 est,
687 305 792 353 quod
821 305 872 342 sit
898 303 990 340 finis
1018 303 1096 340 uni-

242 374 410 413 versalis
433 368 630 411 civilitatis
647 370 800 408 humani
821 369 993 417 generis,
1023 368 1098 405 erit

243 440 304 478 hic
332 438 567 486 principium,
597 446 667 483 per
703 434 808 481 quod
837 434 967 471 omnia
995 443 1096 479 quae

243 504 404 542 inferius
419 495 621 550 probanda
635 502 736 543 sunt,
757 502 872 536 erunt
890 497 1099 536 manifesta

243 569 497 608 sufficienter.
536 566 636 603 Esse
674 567 803 602 autem
839 563 957 601 finem
985 563 1099 600 huius

243 633 440 672 civilitatis
467 635 509 670 et
537 632 650 675 illius,
685 632 726 667 et
753 640 831 667 non
861 640 953 666 esse
983 639 1098 665 unum

226 699 410 739 ‘omnium
438 697 556 734 finem
585 695 762 733 arbitrari
797 694 955 731 stultum
984 695 1058 730 est.

244 787 304 826 ΙΙΙ.
326 787 402 834 (ιν)
421 785 531 823 Nunc
548 787 678 822 autem
693 782 902 820 videndum
918 784 992 825 est,
1008 781 1099 828 quid

244 852 296 889 sit
313 851 404 888 finis
423 851 544 888 totius
562 850 754 887 humanae
775 848 992 891 civilitatis;
1021 857 1099 892 quo

244 917 345 960 viso,
373 916 460 962 plus
484 925 598 961 quam
628 913 822 950 dimidium
851 912 998 950 laboris
1027 911 1101 948 erit

245 966 496 1023 transactum,
525 980 631 1016 iuxta
661 978 936 1024 Philosophum
965 978 1022 1014 ad
1038 976 1102 1013 Ni-

224 1040 493 1099 comachum.
542 1045 591 1081 Et
636 1043 686 1081 ad
733 1042 968 1080 evidentiam
1016 1042 1102 1079 eius

247 1116 352 1164 quod
398 1116 597 1162 quaeritur
643 1110 937 1156 advertendum,
984 1112 1102 1159 quod,

247 1180 568 1228 quemadmodum
585 1182 648 1216 est
661 1178 751 1216 finis
767 1178 904 1224 aliquis
920 1178 969 1214 ad
989 1188 1102 1224 quem

248 1250 394 1289 natura¹
415 1245 594 1292 producit
626 1244 816 1290 pollicem,
855 1246 897 1280 et
925 1243 1024 1279 alius
1052 1243 1102 1279 ab

247 1313 322 1349 hoc
342 1311 393 1348 ad
410 1321 524 1357 quem
553 1320 704 1347 manum
733 1310 868 1350 totam,
898 1311 940 1345 et
966 1319 1102 1345 rursus

247 1376 348 1413 alius
366 1377 532 1421 utroque
552 1373 602 1411 ad
621 1385 735 1420 quern
755 1373 963 1415 brachium,
990 1373 1103 1409 alius-

247 1450 324 1486 que
357 1440 408 1477 ab
432 1440 610 1476 omnibus
638 1439 688 1476 ad
708 1449 821 1484 quem
842 1440 966 1475 toturn
986 1438 1103 1475 horni-

249 1515 349 1548 nem3
363 1505 419 1542 sic
436 1505 536 1541 alius
556 1506 619 1541 est
636 1503 726 1540 finis
742 1502 792 1540 ad
807 1513 920 1549 quem
936 1502 1104 1549 singula-

250 1580 333 1607 rem
348 1569 552 1611 hominem,
565 1569 664 1606 alius
675 1568 725 1605 ad
740 1578 854 1614 quem
866 1567 1020 1604 ordinat
1039 1566 1106 1603 do-

251 1634 449 1670 mesticam
468 1633 793 1675 communitatem,
810 1632 909 1668 alius
924 1631 974 1668 ad
990 1642 1104 1677 quem

251 1698 440 1740 viciniam,
470 1699 511 1734 et
539 1698 637 1734 alius
675 1697 724 1733 ad
753 1707 866 1743 quem
895 1697 1104 1738 civitatem,

251 1765 294 1800 et
312 1762 411 1799 alius
440 1761 489 1798 ad
518 1772 631 1808 quem
660 1771 834 1808 regnum,
873 1763 913 1797 et
938 1760 1105 1806 denique

252 1827 408 1864 ultimus
445 1826 494 1863 ad
523 1836 636 1872 quem
671 1826 944 1862 universaliter
979 1836 1107 1872 genus

251 1892 455 1928 humanum
471 1890 582 1927 Deus
598 1893 784 1927 aeternus
799 1894 884 1927 arte
903 1900 987 1932 sua,
1004 1900 1106 1936 quae

251 1958 391 1992 natura
428 1957 502 1998 est,
540 1955 576 1992 in
611 1965 702 1992 esse
740 1954 930 2001 producit.
970 1954 1018 1991 Et
1046 1955 1105 1991 hic

1032 139 1162 164 rA-a‘rn
1187 138 1233 164 11.
1632 150 1636 155 .
1930 125 1975 157 95

1221 300 1277 339 Se
1314 300 1386 337 v’e
1424 299 1579 345 dunque
1618 298 1782 345 qualche
1819 307 1915 334 cosa
1953 298 2024 334 che

1169 356 1229 393 sia
1258 355 1281 391 il
1308 353 1387 391 fine
1417 353 1522 390 della
1550 352 1681 389 civilta
1710 351 1932 388 universale
1962 350 2025 387 del

1169 418 1318 456 genere
1369 417 1522 447 umano‚
1575 408 1715 451 questa
1756 404 1959 441 costituira
2001 403 2025 439 il

1170 461 1369 508 principio,
1398 470 1470 506 per
1498 459 1557 496 cui
1579 459 1610 495 si
1639 458 1887 495 renderanno
1916 455 2027 494 suffi-

1170 515 1430 552 cientemente
1469 511 1671 549 manifeste
1710 514 1810 548 tutte
1853 511 1890 547 le
1928 511 2027 547 altre

1171 568 1310 610 verita,
1341 567 1413 603 che
1437 566 1473 602 in
1495 565 1652 612 seguito
1682 565 1712 602 si
1743 564 1947 601 dovranno
1977 563 2029 599 di-

1171 623 1377 658 mostrare.
1416 618 1656 656 Ammettere
1694 618 1758 664 poi
1797 618 1868 654 che
1906 617 1939 653 ci
1969 617 2028 653 sia

1172 685 1221 711 un
1250 673 1330 710 fine
1368 672 1405 709 di
1443 674 1585 718 questa
1613 682 1638 708 o
1667 671 1704 708 di
1734 671 1864 717 quella
1897 670 2028 706 civilta

1171 738 1292 765 senza
1321 727 1392 763 che
1426 736 1471 762 ce
1504 736 1554 762 ne
1588 725 1647 762 sia
1675 735 1753 761 uno
1782 724 1819 760 di
1849 725 1949 760 tutte
1979 723 2031 759 in-

1172 781 1307 822 sieme,
1338 782 1360 816 e
1390 778 1440 816 da
1464 779 1584 816 stolti.

1173 858 1233 896 lll.
1257 858 1338 904 (tv)
1359 855 1417 892 Ed
1433 854 1504 893 ora
1523 855 1733 892 dobbiamo
1748 854 1897 890 vedere
1914 853 2030 899 quale

1173 911 1232 948 sia
1261 911 1284 947 il
1314 909 1395 946 fine
1424 909 1461 946 di
1504 910 1606 945 tutta
1635 908 1673 944 la
1715 907 1847 944 civilta
1889 916 2030 949 uman;

1173 965 1278 1001 visto
1306 964 1331 1000 il
1365 963 1497 1009 quale,
1536 972 1696 999 avremo
1734 960 1930 1008 compiuto
1967 960 2031 1005 piu

1174 1023 1246 1060 che
1275 1023 1380 1059 meta
1408 1020 1499 1058 dell’
1515 1031 1638 1067 opera
1670 1019 1846 1057 secondo
1875 1020 1898 1056 il
1929 1018 2031 1055 Filo-

1175 1075 1266 1113 sofo
1295 1074 1385 1112 nell'
1403 1075 1513 1111 Etica
1542 1085 1565 1111 a
1593 1073 1818 1111 Nicomaco.
1852 1072 1886 1109 A
1915 1072 2033 1109 dimo-

1176 1129 1374 1166 strazione
1394 1128 1432 1164 di
1452 1128 1583 1174 quello
1612 1128 1683 1164 che
1708 1126 1939 1167 cerchiamo,
1969 1125 2034 1162 de·

1175 1189 1260 1225 vesi
1282 1190 1434 1229 notare,
1456 1187 1527 1223 che
1548 1196 1659 1223 come
1678 1185 1743 1222 v'e
1763 1196 1812 1222 un
1834 1184 1913 1222 fine
1934 1195 1957 1221 a
1972 1184 2032 1221 cui

1176 1247 1214 1283 la
1243 1249 1383 1283 natura
1411 1245 1584 1292 produce
1614 1245 1637 1281 il
1668 1245 1821 1291 pollice,
1847 1254 1897 1280 un
1931 1245 2033 1280 altro

1177 1300 1336 1336 diverso
1352 1298 1414 1336 dal
1431 1299 1554 1345 primo
1570 1309 1594 1335 a
1609 1299 1668 1335 cui
1685 1297 1859 1344 produce
1879 1299 1981 1334 tutta
1996 1297 2034 1333 la

1170 1363 1305 1396 mano,
1322 1352 1371 1389 ed
1387 1363 1438 1389 un
1455 1353 1556 1389 altro
1572 1351 1732 1388 diverso
1753 1351 1816 1388 dai
1833 1350 1940 1397 primi
1957 1350 2033 1386 due

1178 1423 1202 1449 a
1230 1412 1290 1448 cui
1320 1411 1493 1458 produce
1515 1411 1538 1447 il
1559 1411 1716 1448 braccio
1736 1410 1786 1447 ed
1807 1409 1926 1446 infine
1956 1419 2034 1445 uno

1178 1465 1337 1502 diverso
1363 1464 1414 1501 da
1442 1464 1530 1501 tutti
1551 1474 1575 1500 a
1595 1464 1655 1500 cui
1676 1463 1848 1510 produce
1878 1462 2035 1505 l'uomo;

1178 1520 1261 1556 cosi
1290 1529 1368 1555 uno
1398 1520 1420 1555 e
1441 1518 1464 1554 il
1494 1517 1574 1554 fine
1604 1527 1627 1553 a
1653 1517 1711 1553 cui
1742 1517 1880 1553 ordina
1908 1516 1932 1552 il
1962 1516 2037 1552 sin-

1178 1578 1273 1625 golo
1302 1587 1431 1619 uomo,
1470 1587 1520 1612 un
1551 1576 1651 1612 altro
1681 1586 1703 1612 a
1733 1575 1792 1612 cui
1832 1575 1969 1611 ordina
1997 1575 2036 1611 la

1177 1630 1363 1677 famiglia,
1394 1640 1442 1666 un
1472 1631 1583 1666 terzo
1613 1639 1636 1665 a
1662 1628 1721 1665 cui
1751 1627 1889 1665 ordina
1918 1628 1955 1664 la
1983 1628 2038 1664 vi-

1179 1684 1341 1720 cinanza
1370 1683 1420 1719 ed
1449 1693 1499 1719 un
1533 1685 1673 1728 quarto
1703 1692 1726 1718 a
1755 1682 1814 1718 cui
1845 1681 1983 1718 ordina
2011 1681 2035 1716 il

1178 1747 1325 1783 regno;
1355 1747 1377 1772 e
1397 1735 1622 1772 finalmente
1642 1734 1712 1771 v‘e
1733 1745 1782 1771 un
1802 1734 1882 1771 fine
1903 1735 2036 1771 ultimo

1179 1806 1203 1831 a
1231 1795 1291 1832 cui
1313 1795 1389 1831 Dio
1419 1797 1570 1835 eterno,
1601 1804 1672 1840 per
1692 1804 1826 1830 mezzo
1856 1793 2036 1830 dell’arte

1178 1859 1262 1891 sua,
1275 1849 1346 1885 che
1363 1850 1386 1885 ὲ
1397 1848 1434 1884 la
1449 1850 1600 1890 natura,
1617 1846 1789 1893 produce
1806 1847 1843 1883 in
1859 1857 1996 1883 essere
2013 1847 2036 1890 il

1179 1912 1327 1949 genere
1356 1911 1498 1938 umano
1535 1901 1640 1937 nella
1668 1910 1740 1936 sua
1769 1900 2036 1937 universalita.

1179 1955 1242 1991 dal
1264 1955 1386 2000 primo
1407 1965 1431 1991 a
1450 1954 1510 1991 cui
1540 1953 1712 1999 produce
1742 1955 1844 1990 tutta
1865 1954 1902 1990 la
1922 1963 2037 1990 mano

349 2159 419 2192 111.
438 2159 514 2202 (ιν)
539 2166 621 2202 quo
639 2157 730 2195 viso
744 2156 841 2203 plus
857 2167 978 2203 quam
994 2157 1201 2195 dimidium
1219 2163 1288 2193 eto.
1314 2161 1399 2192 Eth.
1418 2161 1499 2193 Nic.
1520 2161 1550 2202 1,
1572 2161 1605 2200 7,
1624 2160 1794 2202 (antiqua.
1811 2160 2037 2199 translatio):

255 2206 412 2239 Videtur
435 2207 522 2247 plus
546 2216 654 2247 quam
679 2208 876 2239 dimidium
902 2209 1018 2239 totius
1043 2217 1122 2240 esse
1147 2208 1386 2250 principium,
1427 2207 1698 2240 trasformatosi
1724 2208 1785 2239 nel
1810 2210 1937 2239 nostro
1962 2216 2041 2248 pro-

255 2253 400 2286 verbioz
425 2253 495 2285 Chi
521 2254 590 2285 ben
615 2254 801 2294 principia
826 2256 844 2286 e
870 2255 946 2286 alla
970 2256 1068 2287 meta
1093 2254 1179 2286 dell'
1193 2264 1314 2295 opera.

349 2333 417 2371 est
433 2331 538 2375 stols
561 2333 714 2379 aliquis
739 2333 795 2371 ad
817 2343 935 2380 quem
960 2334 1103 2372 natura
1126 2333 1317 2380 producit
1335 2334 1528 2381 pollicem
1554 2340 1624 2372 eto.
1653 2338 1845 2370 sembrano
1872 2337 2042 2378 un’espn-

254 2383 403 2416 oazione
427 2382 523 2415 delle
549 2384 672 2424 parole
698 2383 737 2415 di
763 2383 799 2416 S.
816 2384 928 2416 Paolo
954 2384 990 2416 ai
1015 2384 1170 2416 Romani
1196 2384 1351 2426 (V11‚4)
1378 2387 1455 2417 oosi
1480 2385 1642 2418 tradotte
1668 2385 1715 2417 da.
1741 2385 1973 2417 Bartolomeo
1995 2385 2041 2415 da

257 2430 294 2464 S.
312 2430 529 2464 concordio.
570 2441 588 2461 a
607 2430 770 2463 Sicoome
798 2432 835 2463 in
861 2441 909 2463 un
935 2441 1045 2472 oorpo
1085 2432 1146 2464 noi
1171 2441 1300 2464 avemo
1326 2433 1438 2464 molto
1465 2433 1624 2465 membra
1650 2442 1670 2464 e
1700 2442 1773 2464 non
1793 2434 1890 2464 tutte
1918 2432 2040 2463 hanno

257 2477 316 2509 un'
330 2486 480 2518 opera...
499 2490 513 2506 t
547 2478 616 2510 Pin
643 2478 938 2511 sintetioamente
964 2479 998 2511 lo
1024 2481 1138 2511 stesso
1164 2479 1244 2511 ideo
1270 2489 1360 2512 sono
1385 2489 1549 2520 espresse
1575 2480 1634 2511 nel
1661 2480 1845 2512 Convivio
1871 2479 1938 2519 (IV
1966 2478 2040 2520 v.):

261 2536 278 2554 σι
296 2523 329 2556 11
354 2524 588 2557 fondamento
613 2525 774 2558 radicale
790 2526 889 2558 della
906 2526 1098 2567 imperiale
1123 2527 1274 2563 maesta,
1300 2527 1456 2559 secondo
1474 2527 1503 2558 il
1518 2536 1617 2566 vero,
1643 2528 1663 2558 ὲ
1682 2527 1719 2559 la
1745 2527 1926 2559 necessit&
1943 2525 2042 2557 della

258 2581 391 2603 umana
415 2571 558 2610 civili-a,
587 2572 655 2604 ohe
679 2583 701 2605 a
726 2583 798 2605 uno
824 2574 896 2605 fine
921 2574 940 2605 θ
965 2574 1148 2612 ordinata,
1186 2573 1265 2606 οἰοὸ
1290 2583 1313 2606 a.
1338 2574 1418 2606 vita
1445 2574 1576 2614 feli003
1614 2574 1690 2605 alla
1714 2574 1823 2615 quale
1849 2573 1952 2604 nullo
1978 2582 2042 2613 per

257 2619 296 2651 se
320 2619 340 2650 e
365 2618 573 2651 sufficiente
597 2629 619 2651 a
643 2620 769 2652 venire
794 2630 902 2652 senza
931 2619 955 2652 l’
970 2621 1072 2653 aiuto
1098 2621 1137 2653 di
1162 2621 1316 2663 alouno;
1355 2621 1716 2653 oonoiossiaoosaohe
1752 2621 1777 2652 1’
1794 2630 1900 2651 nom.)
1938 2620 2039 2651 abbi-

258 2674 373 2707 sogna
397 2666 435 2698 di
455 2666 567 2698 molto
593 2675 688 2706 oose,
714 2667 786 2699 alle
811 2667 913 2708 quali
939 2677 1013 2699 uno
1037 2669 1116 2700 solo
1141 2667 1312 2700 saeisfare
1337 2678 1410 2700 non
1435 2670 1522 2710 puo.
1548 2668 1577 2698 E
1604 2670 1690 2709 pero
1715 2668 1796 2699 dioe
1823 2668 1850 2698 il
1878 2666 2042 2698 Filosofo

258 2712 326 2744 ohe
350 2713 375 2744 1’
390 2722 495 2745 uomo
521 2713 791 2746 natm-almente
815 2715 835 2746 ὸ
871 2715 1157 2755 oompugnevole
1182 2715 1353 2754 animale,
1391 2725 1410 2747 e
1436 2717 1592 2747 siooonie
1631 2715 1656 2746 l'
1673 2724 1777 2746 uoiuo
1803 2725 1824 2745 a
1850 2724 1917 2746 sua
1942 2713 2042 2746 suffi-

257 2759 384 2792 oionza
408 2760 570 2792 riohiede
602 2762 821 2802 oompagnia
856 2761 1058 2794 domestioa
1082 2762 1120 2793 di
1147 2762 1328 2803 famiglia,
1366 2764 1444 2794 cosi
1470 2772 1543 2794 una
1568 2772 1652 2794 oasa
1677 2771 1699 2793 a
1724 2771 1789 2793 sua
1827 2761 2043 2793 suffioienza

259 2805 422 2839 riohiede
447 2817 520 2839 una
544 2807 749 2846 vicinanzn,
787 2808 992 2840 altrimenti
1019 2808 1124 2841 molti
1149 2809 1276 2841 difetti
1303 2810 1542 2850 sosterrebbe,
1579 2809 1646 2840 ohe
1673 2809 1865 2840 sarebbero
1891 2809 2042 2850 impedi-

260 2855 382 2886 mento
407 2854 445 2886 di
471 2854 627 2887 felioita.
655 2855 685 2886 E
712 2855 887 2896 perooohe
914 2865 986 2887 una
1016 2856 1211 2887 vicinanza
1247 2865 1319 2887 non
1346 2858 1419 2896 puo
1445 2866 1466 2887 a
1492 2857 1531 2887 se
1557 2856 1595 2887 in
1621 2857 1720 2887 tut-to
1746 2855 1929 2894 sanisiare,
1955 2865 2040 2887 oon·

261 2900 368 2932 vieno
392 2909 414 2933 a
438 2901 729 2934 satislaoiniento
754 2911 873 2934 essere
899 2902 935 2934 la
959 2903 1064 2934 oitta.
1102 2902 1227 2934 Anohe
1254 2903 1290 2934 la
1315 2903 1408 2934 citt&
1433 2902 1597 2934 riohiede
1634 2903 1708 2933 alle
1734 2911 1799 2934 sue
1824 2904 1895 2935 arti
1922 2913 1941 2934 e
1967 2903 2042 2935 alla

262 2955 329 2999 ‚⁸¹¹⁸
353 2946 556 2981 difensione
581 2958 688 2981 avere
706 2949 860 2981 vioenda
885 2960 904 2981 e
931 2949 1147 2982 fratellanza
1164 2949 1258 2981 colle
1283 2950 1531 2982 oiroonvioine
1557 2950 1703 2990 oittndi,
1731 2959 1750 2981 e
1772 2952 1859 2990 pero
1882 2950 1921 2982 sn
1948 2950 2043 2982 sat-to

262 2992 291 3024 11
318 3002 428 3034 regno
451 3005 488 3028 ιο.
515 2995 583 3028 Per
607 2996 634 3030 l'
647 2997 774 3028 ordine
799 2996 895 3029 delle
921 2996 1109 3029 oomuuim
1135 2997 1264 3028 sooinli
1290 2997 1357 3029 ofr.
1387 3007 1475 3038 pure
1502 2997 1579 3028 Cio.
1606 2996 1658 3028 De
1683 2996 1745 3029 off.
1772 2997 1787 3028 1
1815 2998 1872 3031 53.
