2248 3372
306 119 374 152 176
686 115 690 118 ’
801 129 843 154 11.
862 114 1066 156 murno
1090 128 1224 158 nsum
1248 133 1495 169 nomiman

270 180 1717 226 ΜΛΛΜΛΜΜΜΑΑᾸΑᾸᾼ,
1735 218 1754 226 ,,
1773 219 1789 226 ,.
1809 194 1897 233 -ss-'ss-
1926 187 2004 243 ,’,,”,
2026 218 2036 233 ,

257 297 446 334 tinaciter
482 309 591 335 suam
633 298 833 347 denegent
873 301 1104 338 caecitatem

266 367 378 405 Unde
406 368 453 405 fit
481 380 674 416 persaepe
721 370 825 417 quod
867 382 944 408 non
987 374 1112 409 solum

260 444 414 482 falsitas
443 447 711 492 patrimonium
757 449 913 491 habeat,
957 450 1028 485 sed
1071 452 1113 486 ut

259 517 436 562 plerique
466 517 515 555 de
544 519 626 556 suis
654 521 827 556 terminis
846 521 1109 568 egredientes,

259 604 331 639 per
359 595 487 631 aliena
515 599 646 632 castra
673 581 902 639 discurrant,
933 599 996 635 ubi
1021 599 1109 635 nihil

259 665 526 713 intelligentes
572 668 644 714 ipsi
686 669 774 705 nihil
818 670 1110 717 intelliguntur3

258 744 385 780 etsie
422 749 640 790 provocant
681 733 869 792 quosdam
913 747 962 783 ad
1003 748 1109 791 iram,

257 822 446 867 quosdam
475 822 524 860 ad
553 823 868 870 indignationem,
902 827 1110 863 nonnullos
1147 838 1149 883 1!
1184 860 1261 894 ana
1289 858 1485 896 derisione

1169 301 1402 339 *trascinare
1431 303 1536 341 dalla
1565 306 1750 354 passione
1778 307 1828 345 ed
1853 304 2040 361 ostinaffi.

1188 368 1316 402 mente
1349 378 1426 404 non
1456 370 1714 410 riconoscano
1747 373 1960 419 la-propria
1977 377 2040 422 ce-

1189 431 1281 467 cita.
1327 430 1443 469 Onde
1472 434 1618 472 accade
1664 425 1806 482 spesso
1847 439 1919 475 che
1959 448 2038 476 non

1193 497 1281 532 solo
1310 497 1347 533 la
1377 497 1508 536 falsita
1536 500 1586 536 ha
1615 511 1663 537 un
1693 512 1766 541 suo
1787 503 2038 550 patrimonio,

1189 573 1250 598 ma
1279 563 1356 599 che'
1379 564 1496 607 molti,
1526 566 1636 610 quasi
1667 567 1840 604 uscendo
1859 567 1922 604 dai
1951 567 2038 605 loro

1174 621 1348 663 -confini‚
1379 634 1567 660 scorrono
1597 635 1666 671 per
1694 626 1703 661 i
1746 627 1869 672 campi
1911 627 2036 670 altrui,

1185 681 1288 717 dove
1305 682 1408 718 nulla
1423 684 1751 728 comprendendo,
1766 695 1844 722 non
1864 686 1896 722 si
1916 685 2036 723 fanno

1147 761 1148 765 =
1189 739 1332 777 affatto
1361 742 1652 787 comprendere,
1673 754 1696 780 e
1711 745 1794 781 cosi
1809 754 2036 790 provocem

264 891 313 928 ad
329 893 458 929 risum.
474 893 591 941 Igitur
610 897 748 932 contra
767 897 986 939 veritatem,
1010 907 1110 942 quae
1143 934 1149 940 ,

206 980 208 982 ’
260 970 471 1014 quaeritur,
506 971 580 1007 tria
612 973 804 1009 hominum
846 984 995 1020 genera
1037 984 1112 1010 ma-

259 1046 365 1083 xime
399 1048 680 1085 colluctantur.
723 1049 904 1087 Summus
946 1062 1110 1097 namque

259 1117 453 1162 Pontifex,
484 1120 636 1157 Domini
667 1123 788 1159 nostri
825 1123 923 1167 Jesu
966 1123 1110 1161 Christi

215 1242 218 1243 ⁷
257 1196 434 1234 Vicarius
477 1201 517 1235 et
546 1199 650 1236 Petri
680 1211 899 1243 successor,
929 1202 988 1238 cui
1027 1213 1102 1239 non

231 1275 442 1321 .quicquid
485 1275 644 1314 Christo
687 1278 758 1314 sed
809 1279 986 1325 quicquid
1042 1280 1112 1317 Pe-

257 1351 320 1383 tro
357 1346 556 1390 debemus,
599 1349 688 1385 zelo
717 1348 890 1388 fortasse
933 1351 1110 1395 clavium,

259 1491 454 1533 pastores,
484 1492 525 1526 et
553 1491 616 1527 alii
646 1502 746 1537 quos
766 1482 885 1528 credo
914 1493 1002 1530 zelo
1022 1494 1110 1530 solo

211 1567 214 1570 ⁴
262 1567 404 1603 matris·
425 1567 627 1604 Ecclesiae
670 1566 904 1614 promoveri,
941 1571 1109 1613 veritati,

259 1649 374 1683 quam
404 1640 635 1676 ostensurus
664 1651 759 1682 sum,
780 1640 829 1677 de
858 1642 945 1678 zelo
974 1641 1108 1679 forsan

260 1730 308 1734 —
339 1712 382 1745 ut
409 1710 497 1752 dixi,
529 1732 577 1737 —
607 1721 683 1750 non
714 1703 763 1748 de
797 1713 992 1758 superbia,
1021 1724 1110 1750 con-

240 1786 466 1822 vtradicunt.
510 1786 677 1832 Quidam
715 1799 812 1826 vero
842 1790 916 1831 alii,
946 1801 1107 1836 quorum

262 1862 461 1900 obstinata
489 1864 680 1909 cupiditas
708 1865 834 1902 lumen
863 1867 1026 1904 rationis
1046 1879 1109 1904 ex-

256 1939 378 1981 tinxit,
409 1943 460 1982 et,
490 1941 578 1978 dum
599 1953 649 2017 e}
677 1945 788 1988 patre
818 1943 976 1981 diabolo
1005 1948 1105 1988 sunt,

1187 800 1312 836 alcuni
1342 799 1404 836 all'
1422 801 1488 842 ira,
1519 802 1604 838 altri
1634 802 1712 839 allo
1753 803 1918 851 sdegno,
1948 802 2035 841 altri

1237 924 1314 960 Tre
1343 926 1476 970 specie
1506 925 1687 962 d’uomini
1716 927 1868 964 lottano
1905 928 2037 965 massi-

1185 986 1377 1028 mamente
1407 986 1545 1021 contro
1573 985 1611 1020 la
1638 986 1765 1031 verita
1810 986 1882 1022 che
1923 987 2036 1024 ricer-

1185 1042 1360 1080 chiamo:
1391 1043 1415 1078 il
1445 1042 1604 1080 Sommo
1634 1043 1851 1086 Pontefice,
1878 1043 2063 1082 Vicario'-

1185 1101 1247 1137 del
1293 1104 1430 1138 nostro
1476 1101 1622 1150 Signor
1669 1102 1778 1140 Gesfl
1824 1101 1970 1147 Cristo,
2001 1114 2036 1141 xe
2076 1099 2083 1126 ‘¹

1184 1171 1415 1198 successore
1445 1161 1482 1198 di
1511 1161 1656 1205 Pietro,
1686 1155 1798 1199 acui
1826 1162 2035 1200 d'obbiamo
2064 1160 2065 1163 ’

1148 1269 1149 1272 ¹
1184 1230 1260 1256 non
1291 1223 1392 1257 tutto
1421 1222 1481 1257 cio
1511 1221 1582 1257 che
1624 1222 1656 1262 si
1692 1221 1794 1267 deve
1835 1232 1862 1258 a
1902 1221 2035 1260 Oristo
2064 1253 2068 1256 .

1184 1296 1245 1322 ma
1273 1287 1334 1322 cio
1364 1287 1434 1323 che
1463 1287 1496 1322 si
1525 1286 1626 1323 deve
1673 1297 1715 1323 a
1739 1287 1883 1330 pietro,
1925 1285 2030 1325 forse

1146 1347 1150 1377 i
1188 1355 1255 1391 per
1310 1346 1398 1382 zelo
1453 1345 1556 1382 delle
1611 1346 1748 1388 chiavi,
1791 1346 1917 1382 alcuni
1962 1355 2032 1402 pa—

257 1428 330 1454 nec
360 1428 437 1455 non
485 1419 548 1455 alii
595 1430 758 1467 gregum
802 1419 1109 1459 Christianorum
1146 1413 1148 1458 J
1183 1405 1280 1442 St⁰¹⁹¹
1324 1404 1386 1442 del
1430 1415 1582 1452 gregge
1629 1405 1813 1442 ⁶¹⁷¹Stia¹¹⁰
1854 1404 1905 1441 ed
1945 1403 2030 1443 altri

1186 1464 1318 1505 mossi‚
1348 1464 1479 1506 credo,
1509 1464 1613 1500 dallo
1642 1464 1729 1500 zelo
1751 1474 1832 1510 per
1847 1464 1885 1500 la
1899 1456 2029 1501 madre

1184 1522 1342 1565 Chiesa,
1372 1513 1691 1566 contraddicono,
1710 1522 1819 1560 forse
1847 1533 1918 1568 per
1930 1521 2029 1565 zelo,
2090 1553 2096 1565 ,

1182 1599 1293 1625 come
1339 1590 1390 1625 ho
1437 1588 1560 1631 detto,
1606 1599 1684 1625 non
1725 1597 1797 1634 per
1837 1586 2029 1634 superbia.

1185 1648 1321 1685 Alcuni
1351 1648 1437 1684 altri
1467 1648 1543 1693 poi,
1574 1648 1610 1683 in
1640 1648 1700 1684 cui
1729 1645 1938 1684 l’ostinata
1969 1655 2032 1682 cu·
2075 1667 2085 1672 ι

1144 1707 1147 1733 ῖ
1183 1708 1327 1755 pidigia
1368 1708 1418 1744 ha
1459 1708 1601 1752 spento
1642 1707 1667 1742 il
1695 1707 1797 1742 lume
1826 1705 1928 1742 della
1972 1714 2031 1741 ra-

1181 1768 1322 1815 gione,⁸
1341 1766 1573 1822 vantandosi
1616 1765 1699 1812 figli
1727 1765 1832 1802 della
1871 1762 2029 1806 Chiesa,

1181 1830 1330 1864 mentre
1372 1837 1472 1863 sono
1509 1825 1592 1872 tigli
1635 1824 1718 1862 del‘
1740 1824 1909 1867 diavolo‚
1950 1833 2028 1860 non

1180 1886 1267 1923 solo
1297 1884 1505 1922 muovono‘
1522 1885 1588 1920 lite
1605 1884 1797 1929 inquesta
1809 1882 2028 1928 questione,

1142 1936 1145 1973 ἶ
1184 1956 1245 1982 ma
1274 1943 1516 1990 sprezzando
1545 1943 1702 1988 persino
1743 1942 1768 1978 il
1808 1951 1923 1978 nome
1964 1939 2027 1977 del

355 2151 430 2189 tria
455 2152 660 2190 hominum
681 2163 887 2199 ymera...

916 2157 1027 2190 Sono:
1057 2158 1090 2197 1)
1116 2158 1145 2190 il
1163 2158 1347 2190 Pontefioe
1371 2157 1416 2188 ed
1441 2156 1454 2187 i
1479 2156 1619 2197 pastori
1632 2154 1730 2187 della
1746 2153 1893 2196 Chiesa,
1912 2153 2029 2194 spinti

261 2213 309 2245 da
334 2215 518 2246 eccessivo
543 2215 638 2255 zelo;
657 2213 692 2258 2)
713 2216 726 2246 i
744 2215 829 2247 falsi
857 2216 937 2257 figli
963 2217 1062 2248 della
1087 2217 1231 2257 Chiosa,
1250 2227 1308 2248 ma
1332 2217 1371 2248 in
1397 2215 1513 2248 realta
1537 2215 1618 2256 figli
1636 2214 1692 2246 del
1712 2213 1871 2253 diavolo,
1889 2212 2028 2245 nomini

260 2273 390 2313 cupidi
410 2284 429 2304 e
455 2274 574 2305 eiechi
602 2284 664 2314 per
690 2275 942 2316 passi011e33)
970 2276 1246 2308 iDecretalisti.
1260 2275 1370 2316 Degli
1407 2275 1531 2306 ultimi
1557 2274 1627 2306 due
1651 2274 1684 2305 si
1700 2273 1826 2314 sbriga
1850 2272 1888 2303 in
1914 2271 2029 2312 poche

266 2333 405 2373 parole,
434 2332 556 2376 sicohe
581 2333 618 2364 la
643 2334 823 2374 polemica
848 2335 880 2366 si
906 2335 1014 2375 volge
1039 2337 1166 2367 contro
1190 2335 1219 2366 il
1245 2334 1428 2366 Pontefioe
1442 2334 1486 2365 ed
1511 2333 1524 2364 i
1550 2333 1631 2365 sioi
1656 2331 1821 2364 adoranti
1844 2331 1885 2363 'm
1909 2330 2030 2362 buona

258 2390 350 2423 fede.
395 2412 410 2423 χ

355 2457 470 2497 Defrl‘
489 2470 716 2498 successor
739 2476 781 2491 z
808 2463 837 2495 il
863 2473 1050 2496 successor
1085 2462 1143 2497 del
1180 2463 1348 2504 maggior
1384 2463 1504 2495 Piero.
1544 2461 1615 2493 Inf.
1643 2461 1694 2503 11,
1722 2461 1781 2492 24.
1808 2459 1840 2492 A
1865 2459 1921 2492 lui
1945 2459 2029 2492 dob-

258 2521 382 2553 biamo
406 2519 627 2556 obhedienza
653 2532 671 2553 e
697 2532 904 2564 reverenza,
931 2532 991 2554 ma
1014 2532 1086 2555 non
1112 2523 1235 2564 quella
1259 2522 1451 2554 illimitata
1483 2522 1701 2575 soggezione
1737 2519 1804 2551 ohe
1835 2519 2028 2551 dobbiamo

256 2590 278 2611 a
305 2580 440 2613 Cristo.

351 2659 399 2686 ex
420 2648 536 2695 patre
559 2648 738 2687 dIabolo.
764 2651 841 2684 Cfr.
870 2652 949 2684 Ioh.
978 2652 1082 2694 VIII,
1111 2653 1168 2684 34.
1194 2651 1268 2684 Vos
1292 2660 1339 2684 ex
1363 2654 1466 2692 patre
1491 2651 1638 2698 diabolo
1662 2651 1765 2683 ostis.
