2248 3372
330 25 334 28 ’
363 33 366 35 ’
481 42 484 45 -
542 35 568 55 .›-'
621 26 654 48 ”⁴³
670 31 774 60 '‘N-“s“
808 23 890 53 ..⁸3:⁴⁴3
900 38 932 43 ν
966 23 979 34 ⁸¹
1007 14 1017 25 *¹
1038 14 1242 56 w-.{⁴-'<-
1286 42 1287 47 ¹
1306 35 1331 43 '⁸
1386 46 1389 50 ⁴
1409 19 1574 46 ·-;“’“““”’““’
1592 20 1609 53 1⁷
1624 26 1670 53 '⁵
1686 23 1725 50 ¹>
1735 27 1752 42 '⁴
1765 16 1798 42 ἰ’
1820 24 1833 34 '³
1846 29 1876 48 Γ*
1927 23 1973 58 ¹⁴⁵}
2008 24 2026 45 ¹.
2096 18 2099 19 ⁷

307 71 319 82 Α,
338 79 365 86 ,,
403 59 467 85 ,rr-
487 54 491 56 ⁷
508 64 536 86 ,ς
571 57 620 86 ,π
658 55 673 66 ’-
715 72 719 74 v
759 49 802 86 ‚2
859 66 919 90 ,
1020 50 1059 74 *f
1078 55 1109 85 ,·
1141 63 1152 70 ,
1421 55 1428 59 ·
1466 48 1545 79 ,3-‹—‚
1568 55 1619 83 >s
1655 49 1714 76 *r-
1745 65 1791 71 -
1819 45 1985 84 (ῳ
2053 51 2058 58 ·

271 100 273 102 ,
312 85 530 112 ψἰκ-..μ-,ὶι
565 87 644 109 «ὲ-Τυ
759 95 764 101 .
799 110 803 111 ⁷
1064 103 1068 107 ,
1468 105 1472 108 ι
1495 94 1501 100 -
1529 99 1531 102 ,
1598 84 1608 94 ·
1790 109 1797 114 “
1897 84 1919 99 *9
1950 91 1987 112 π,
2032 93 2038 102 =
2069 87 2083 94 ³

234 140 251 153 1,·
310 126 344 151 r'J'*
379 118 382 124 Ι
400 123 418 150 ,”
437 115 440 119 .
465 130 468 135 '
491 111 506 131 ’ὃ
545 131 550 137 ’
687 117 693 139 >¹
1104 147 1105 150 Ἰ
1279 116 1299 128 '⁷
1796 116 1805 128 ⁴
1984 119 1989 123 μ

243 155 253 166 e
331 160 347 164 «ν
447 160 455 168 ι
531 154 537 157 “

342 174 345 175 ’
378 192 381 194 -
487 208 490 209 ⁷
816 185 817 188 =
1060 175 1193 208 mam
1217 175 1266 201 11.
1753 175 1760 183 ·
1941 169 2012 203 207

243 246 2061 266 ,r-WWW‘WNJWMVWQWWM

277 338 567 377 subalternatur
595 339 719 382 alteri,
734 339 798 376 vel
819 339 854 376 in
874 339 1008 385 specie
1028 349 1131 376 com-

229 405 235 409 ·
277 393 472 431 municant
500 401 570 438 per
602 394 778 430 naturam
821 392 1034 435 relationis,
1063 393 1127 429 vel

277 446 334 484 ad·
355 445 512 492 aliquod
541 445 695 482 tertium
724 445 774 483 ad
802 445 907 492 quod
937 445 1127 483 reducan-

275 501 351 542 tur,
379 501 572 545 tamquam
592 497 643 542 ad
662 509 902 542 communem
927 498 1126 536 unitatem.

275 551 362 590 Sed·
398 561 478 589 non
520 553 653 598 potest
703 550 776 588 dici
818 551 923 598 quod
963 552 1126 589 alterum

273 605 564 643 subaltemetur
592 604 716 647 alteri,
745 605 836 656 quia
868 605 924 642 sic
963 605 1126 642 alterum

273 658 324 705 de
353 658 480 696 altero
509 657 821 703 praedicaretur:
842 657 948 704 quod
977 660 1040 694 est
1058 657 1128 695 fal-

273 722 371 751 sum.
389 710 479 748 Non
499 711 599 748 enim
619 710 804 748 dicimus:
833 711 1045 757 Imperator
1061 714 1126 749 est

273 765 395 811 Papa,
437 774 510 801 nec
551 775 574 801 e
617 775 825 802 converso.
867 764 951 802 Nec
994 767 1127 814 potest

273 818 359 862 dici,
405 817 510 864 quod
556 818 839 855 communicent
895 818 930 854 in
976 818 1124 864 specie,

273 882 359 910 cum
388 871 465 908 alia
492 870 544 908 sit
579 871 681 908 ratio
718 868 866 917 Papae,
896 872 974 908 alia
1010 870 1127 918 Impe-

271 923 427 967 ratoris,
456 924 492 960 in
531 926 714 970 quantum
751 923 996 962 huiusmodi:
1026 935 1124 972 ergo

271 977 509 1015 reducuntur
536 977 586 1014 ad
615 977 770 1024 aliquid,
801 978 837 1014 in
855 989 945 1024 .quo
979 978 1125 1015 habent

271 1031 382 1069 uniri.
421 1029 589 1076 Propter
625 1031 730 1076 quod
767 1031 992 1074 sciendum,⁸
1019 1032 1153 1077 quod·

224 1123 228 1127 ,
271 1084 373 1122 sicut
399 1094 444 1121 se
472 1084 591 1121 habet
618 1084 758 1121 relatio
787 1084 837 1121 ad
879 1085 1122 1127 relationem,

271 1137 328 1175 sic
368 1137 571 1174 relativum
614 1137 663 1174 ad
706 1138 923 1175 relativum.
953 1137 995 1175 Si
1025 1148 1123 1185 ergo

271 1190 446 1237 Papatus
474 1191 515 1227 et
542 1189 779 1236 Imperiatus,
809 1201 924 1237 quum
953 1192 1031 1228 sint
1066 1202 1125 1228 re·

215 1280 218 1281 γ
270 1244 440 1281 lationes
476 1244 816 1289 superpositionis,
854 1245 1026 1281 habeant
1061 1255 1122 1281 re—

270 1297 357 1335 duci
386 1295 436 1334 ad
472 1299 692 1342 respectum
730 1298 1066 1343 superpositionis,
1099 1309 1122 1335 a

202 1367 205 1369 ·
269 1361 348 1397 quo
381 1352 564 1396 respectu
608 1361 692 1387 cum
734 1351 816 1388 suis
858 1350 1122 1388 differentiali-

224 1431 226 1433 -
268 1403 342 1441 bus
383 1403 638 1446 descendunt,
668 1403 778 1450 Papa
819 1406 860 1440 et
897 1403 1119 1450 Imperator,

268 1466 383 1503 quum
413 1457 498 1494 sint
533 1457 710 1500 relativa,
748 1457 880 1494 reduci
923 1458 1121 1495 habebunt

260 1509 320 1552 ‚ad
361 1509 518 1556 aliquod
560 1520 686 1553 unum,
717 1511 753 1547 in
782 1521 860 1556 quo
903 1511 1120 1556 reperiatur

268 1562 354 1609 ipse
381 1565 586 1608 respectus
610 1564 948 1609 superpositionis,
969 1564 1118 1610 absque

268 1613 593 1653 differentialibus
622 1617 718 1654 aliis.
750 1617 798 1653 Et
836 1617 910 1654 hoc
948 1618 1022 1654 erit
1054 1619 1117 1654 vel

269 1668 354 1715 ipse
396 1669 519 1712 Deus,
549 1670 585 1706 in
628 1681 705 1715 quo
747 1673 954 1717 respectus
983 1671 1118 1708 *omnis

268 1722 540 1759 universaliter
582 1723 721 1766 unitur,
755 1724 818 1760 vel
861 1724 990 1770 aliqua
1031 1725 1120 1761 sub·

267 1776 412 1812 stantia
440 1775 530 1812 Deo
558 1775 730 1820 inferior,
750 1777 787 1813 in
807 1787 884 1823 qua
912 1780 1118 1823 respectus

267 1829 605 1875 superpositionis,
645 1840 715 1876 per
755 1829 1015 1867 differentiam
1058 1841 1119 1867 su-

220 1929 222 1931 ·
266 1882 556 1928 perpositionis,
587 1893 611 1919 a
644 1883 802 1929 simplici
841 1886 1024 1930 respectu
1055 1884 1119 1920 de-

265 1934 473 1977 scendens,
502 1936 775 1982 particuletur.‘
805 1936 859 1973 Ec
905 1937 961 1974 sic
1008 1940 1118 1983 patet

247 1988 370 2039 quod
399 1987 508 2034 Papa
537 1992 577 2026 et
606 1988 828 2036 Imperator,
859 1990 895 2026 in
933 1993 1117 2036 quantum

201 2068 207 2075 .
263 2041 452 2084 homines,
490 2042 636 2079 habent
671 2042 805 2081 reduci
843 2043 893 2080 ad
922 2054 1050 2086 unum,
1081 2044 1117 2080 in

265 2096 448 2140 quantum
476 2105 574 2132 vero
603 2094 712 2141 Papa
741 2098 782 2132 et
814 2096 1037 2142 Imperator,
1068 2097 1117 2133 ad

1256 339 1344 377 Non
1374 340 1407 377 si
1436 341 1516 386 puo
1545 340 1627 377 dire
1657 341 1728 378 che
1749 351 1826 378 uno
1846 341 1906 378 sia
1924 341 2061 379 subor-

1202 393 1336 430 dinato
1366 393 1546 436 all’altro,
1578 395 1720 440 perche
1742 395 1776 431 in
1798 397 1941 441 questo
1961 405 2058 432 caso
2091 434 2099 443 ,

1201 457 1280 484 uno
1309 447 1503 493 potrebbe
1533 447 1736 484 diventare
1757 448 1960 494 predicato
1979 447 2059 485 del*-

1200 505 1341 544 l’altro:
1372 506 1433 543 cio
1462 507 1534 543 che
1577 507 1600 542 e
1643 506 1759 550 falso,
1790 508 1934 553 perche
1977 517 2056 544 non

1200 559 1400 606 possiamo
1429 559 1533 596 dire:
1564 559 1606 596 L'
1618 559 1854 605 Imperatore
1884 562 1907 597 e
1946 559 2058 606 Papa

1200 623 1225 650 ο
1253 613 1472 651 viceversa.
1502 613 1590 650 Non
1620 613 1653 650 si
1697 616 1774 658 puo
1785 624 1937 660 neppur
1973 614 2056 651 dire

1201 666 1272 703 che
1301 666 1569 703 comunichino
1590 667 1692 703 nella
1717 667 1862 713 specie,
1883 667 2056 704 essendo

1200 735 1278 762 uno
1299 724 1460 763 l’ufiicio
1480 725 1543 762 del
1563 725 1673 772 Papa
1694 737 1715 762 e
1737 737 1786 763 un
1804 727 1906 763 altro
1922 727 2056 772 quello

1199 778 1550 825 dell'lmperatore,
1581 779 1616 816 in
1647 782 1793 825 quanto
1831 791 1933 816 sono
1962 780 2055 823 tali;

1198 849 1277 876 non
1306 841 1415 875 resta
1430 839 1586 885 dunque
1604 839 1674 876 che
1694 839 1825 875 ridurli
1847 850 1870 875 a
1890 839 2055 885 qualche

1199 902 1307 935 cosa,
1337 894 1445 929 sotto
1466 892 1526 929 cui
1547 892 1705 929 devono
1726 893 1857 929 unirsi.
1878 892 2058 929 Percioc-

1199 946 1271 982 che
1300 945 1436 982 devesi
1466 948 1580 982 tener
1609 957 1632 982 a
1661 949 1803 988 mente,
1830 947 1901 982 che
1943 956 2054 982 come

1198 1005 1231 1041 si
1260 1005 1311 1042 ha
1339 1005 1537 1042 relazione
1575 1005 1742 1051 rispetto
1781 1016 1805 1041 a
1842 1005 2054 1047 relazione,

1199 1059 1282 1095 cosi
1311 1058 1345 1095 si
1372 1059 1423 1094 ha
1451 1059 1618 1095 relativo
1647 1058 1814 1104 rispetto
1835 1058 2054 1095 arelativo.

1198 1110 1253 1149 Se
1283 1111 1437 1157 Papato
1468 1111 1533 1161 ed·
1551 1112 1712 1158 Impero,
1742 1111 1915 1148 essendo
1958 1112 2056 1148 rela-

1198 1165 1299 1202 zioni
1329 1165 1366 1201 di
1395 1165 1610 1202 sovranita.
1649 1165 1806 1202 devono
1836 1165 1976 1202 ridursi
2005 1165 2054 1201 ri-

1197 1221 1331 1264 spetto
1361 1219 1437 1255 alla
1466 1218 1681 1261 sovranita,
1715 1218 1766 1255 da
1808 1219 1868 1255 cui
1906 1218 2056 1254 discen-

1196 1277 1303 1314 dono
1332 1289 1406 1315 con
1437 1278 1473 1314 le
1512 1278 1598 1315 loro
1632 1277 1901 1320 differenziali‚
1944 1276 2054 1323 Papa

1195 1330 1245 1367 ed
1274 1331 1523 1379 Imperatore,
1555 1331 1730 1368 essendo
1764 1331 1914 1367 termini
1952 1331 2054 1367 rela-

1194 1385 1274 1427 tivi,
1304 1385 1509 1422 dovranno
1539 1385 1677 1421 ridursi
1716 1384 1765 1421 ad
1795 1395 1844 1421 un
1883 1385 1985 1426 solo,
2016 1384 2051 1420 in

1195 1439 1255 1475 cui
1285 1438 1318 1475 si
1346 1439 1482 1475 ritrovi
1513 1439 1535 1474 il
1565 1441 1756 1484 rapporto
1777 1438 1813 1474 di
1851 1437 2055 1474 sovranita

1193 1509 1314 1536 senza
1344 1498 1442 1534 altre
1473 1496 1743 1534 differenziali.
1785 1497 1815 1532 Ε
1853 1499 1998 1542 questo
2029 1507 2054 1533 o

1192 1553 1283 1589 sara
1326 1551 1403 1588 Dio
1460 1554 1593 1587 stesso
1635 1551 1697 1586 nel
1746 1550 1862 1596 quale
1905 1550 1936 1586 si
1975 1549 2055 1586 uni-

1191 1616 1259 1642 sce
1315 1604 1644 1641 universalmente
1701 1604 1793 1650 ogni
1849 1606 2052 1648 rapporto,

1192 1676 1217 1702 o
1247 1663 1413 1701 un’altra
1440 1666 1628 1700 sostanza
1667 1662 1851 1699 inferiore
1895 1673 1919 1699 a
1959 1662 2052 1699 Dio,

1191 1718 1296 1754 nella
1325 1717 1439 1763 quale
1478 1717 1646 1753 tuttavia
1689 1717 1726 1752 la
1767 1716 1967 1752 relazione
2012 1710 2052 1751 di

1195 1771 1396 1808 sovranita
1438 1770 1471 1807 si
1515 1770 1810 1816 particolarizza
1857 1779 1930 1806 con
1976 1779 2053 1805 una

1192 1829 1409 1868 differenza
1437 1829 1474 1866 di
1504 1829 1719 1870 sovranita,
1738 1828 1955 1865 derivando
1985 1827 2048 1864 dal

1192 1886 1382 1929 rapporto
1411 1884 1603 1920 assoluto.
1635 1882 1667 1918 E
1687 1883 1768 1918 cosi
1790 1882 1949 1918 diventa
1970 1881 2051 1917 evi-

1191 1937 1310 1974 dente
1327 1937 1398 1983 che
1411 1935 1521 1982 Papa
1532 1935 1580 1972 ed
1592 1935 1841 1981 Imperatore,
1854 1935 1890 1970 in
1903 1938 2050 1980 quanto

1193 2001 1294 2028 sono
1325 1990 1480 2031 uomini,
1510 1989 1669 2026 devono
1699 1987 1839 2024 ridursi
1870 1988 1918 2023 ad
1948 1997 2048 2030 uno;

1194 2055 1255 2080 ma
1285 2044 1321 2079 in
1351 2046 1497 2088 quanto
1526 2053 1628 2079 sono
1658 2041 1767 2087 Papa
1806 2041 1853 2077 ed
1889 2040 2051 2086 Impera-

1193 2100 1281 2133 tore
1311 2106 1335 2132 a
1362 2096 1527 2142 qualche
1559 2106 1655 2132 cosa
1689 2095 1811 2137 altro;
1842 2105 1864 2130 e
1907 2096 2050 2139 questo

255 2146 394 2204 aliud:
424 2149 464 2183 et
493 2158 562 2193 per
590 2149 663 2185 hoc
694 2151 804 2194 patet
833 2149 882 2186 ad
911 2150 1114 2186 rationem.
1154 2160 1157 2186 ι
1192 2150 1307 2186 basta
1337 2159 1406 2195 per
1436 2150 1473 2186 la
1502 2149 1678 2195 ragione.

359 2335 578 2388 relaflones
601 2352 945 2398 superpositionis
961 2365 970 2388 ε
996 2366 1084 2388 sono
1110 2357 1275 2397 rapporti
1289 2356 1327 2388 di
1341 2357 1544 2398 sovranith,
1561 2365 1624 2397 per
1638 2355 1801 2387 iudicare
1814 2355 1881 2387 ohe
1897 2355 1923 2386 il
1951 2351 2051 2394 Papa

200 2435 204 2440 ,
264 2410 284 2432 s
309 2399 334 2432 1’
348 2400 571 2440 Imperatore
598 2402 742 2442 godouo
769 2413 841 2435 uua
866 2404 1088 2444 superiorita
1106 2404 1204 2445 sugli
1231 2404 1331 2444 altri;
1358 2405 1516 2445 pst-cion.
1536 2414 1553 2433 ‹
1571 2403 1820 2444 superpositio
1835 2415 1850 2431 n
1882 2402 2050 2434 abbiamo

263 2446 359 2480 tatto
383 2449 673 2489 oorrispondere,
691 2451 908 2483 ‹sowa-nita
923 2461 956 2485 ».
984 2451 1030 2483 Al
1057 2451 1095 2483 di
1122 2461 1230 2492 sopra
1255 2452 1314 2483 del
1354 2448 1454 2492 Papa
1480 2461 1498 2483 e
1533 2451 1848 2491 dell'lmperatore
1874 2459 1946 2481 nou
1993 2451 2050 2480 sta

264 2495 332 2527 ohe
357 2495 439 2528 Dio.

358 2549 383 2577 a
409 2549 490 2585 quo
515 2541 702 2587 respectu
727 2552 817 2580 cum
841 2542 933 2580 suis
957 2541 1300 2586 dlfferentialihus
1323 2542 1580 2581 descendunt
1592 2556 1608 2587 ,·
1632 2555 1731 2577 come
1758 2546 1777 2576 ὸ
1804 2545 1972 2585 spieguto
1987 2543 2047 2575 nel

59 2618 127 2631 ,,,,
144 2578 162 2597 '⁴
205 2615 228 2624 ,-
251 2589 380 2623 =Conv.
409 2590 458 2628 11,
486 2592 529 2622 1:
555 2603 574 2622 «
591 2592 634 2623 In
658 2593 831 2624 ciasouna
856 2603 940 2625 cosa
959 2594 1135 2626 naturale
1162 2604 1182 2625 o
1207 2594 1404 2626 artificiale
1430 2595 1449 2625 e
1477 2593 1706 2634 impossihile
1738 2592 1931 2632 procedure
1971 2591 2047 2623 alla

107 2638 139 2692 ,ζ
199 2669 202 2672 Α
262 2635 380 2670 forma
404 2646 512 2671 senza
535 2639 655 2678 prium,
678 2649 796 2672 essere
821 2641 986 2681 disposto
1015 2642 1041 2673 il
1067 2643 1251 2682 soggetm,
1298 2651 1406 2682 sopra
1431 2641 1499 2673 ohe
1537 2641 1602 2672 des
1640 2643 1796 2673 stat-m...
1839 2639 1891 2670 La

1929 2638 2047 2670 forma

261 2683 434 2717 doll’aroa
459 2694 531 2716 non
555 2687 634 2726 pub*
657 2687 794 2729 venire,
824 2697 862 2719 se
889 2688 925 2719 Ia
947 2689 1118 2730 materia,
1147 2689 1227 2721 oioe
1253 2689 1289 2720 lo
1315 2689 1435 2729 leg110‚
1463 2698 1534 2720 non
1561 2689 1581 2719 ὸ
1606 2688 1726 2727 prima
1745 2687 1912 2726 disposto
1937 2695 1956 2717 e
1982 2695 2045 2726 ap-

227 2761 229 2763 .
265 2731 504 2773 paroechiam
517 2744 534 2763 »
545 2756 552 2764 .

354 2775 408 2814 Es
428 2775 509 2814 hoc
532 2777 609 2814 ΖΓῘΙ
632 2777 699 2816 vel
718 2777 811 2823 lpse
835 2777 958 2816 Deus.
987 2781 1029 2812 In
1057 2781 1144 2814 Eth.
1171 2782 1253 2816 Nic.
1283 2782 1311 2823 1,
1332 2782 1417 2813 leot.
1447 2782 1499 2815 7³¹.
1530 2781 1555 2798 “
1577 2780 1826 2818 ,ΝΙιιηίίρεήιιιη1
1842 2782 1898 2811 est
1924 2781 2047 2810 mutem

190 2830 199 2838 ·
261 2826 357 2867 quod
385 2826 479 2872 illud
505 2828 601 2867 quod
628 2830 684 2860 est
710 2828 785 2859 Ens
811 2837 874 2869 per
900 2838 938 2860 so
963 2829 1098 2870 ipsum,
1141 2829 1289 2866 seilicet
1325 2829 1548 2870 substantia,
1588 2830 1644 2860 est
1681 2826 1906 2859 naturaliter
1942 2826 2048 2866 prins

260 2873 430 2906 omnibus
455 2873 515 2906 his
540 2884 631 2915 qnae
657 2885 729 2907 non
756 2875 891 2907 habent
917 2885 995 2907 esse
1021 2876 1095 2907 nisi
1124 2876 1160 2907 in
1187 2877 1462 2915 comparatione
1488 2876 1533 2908 ad
1562 2876 1835 2908 substantimn:
1868 2874 1965 2905 siout
1991 2875 2048 2905 est

236 2919 239 2922 '
261 2921 462 2962 quantitas,
489 2931 580 2962 quas
605 2924 661 2955 est
687 2931 857 2954 mensura
882 2923 1111 2955 substantiae
1136 2925 1173 2955 st
1198 2923 1372 2964 qualitas,
1397 2933 1492 2964 quas
1517 2926 1572 2954 est
1597 2922 1796 2962 dispositio
1815 2920 2047 2953 substantiae

247 2967 299 2999 st
323 2967 369 3000 ad
395 2968 536 3008 aliquid
562 2969 659 3010 quod
685 2971 741 3001 est
766 2969 946 3002 habitudo
972 2970 1216 3003 substantiae.
1245 2969 1293 3003 Et
1322 2970 1415 3002 idom
1442 2972 1498 3002 est
1526 2971 1562 3001 in
1589 2970 1675 3002 aliis
1714 2969 1925 3010 generibus,
1953 2977 2047 3009 quae

261 3014 386 3047 omnia
410 3016 663 3048 assimilamur
687 3017 883 3058 propagini
916 3017 1023 3049 Entis
1054 3017 1150 3050 idest
1189 3018 1433 3055 substantiae,
1461 3027 1553 3058 qnae
1588 3020 1644 3049 est
1681 3016 1942 3057 principaliter
1979 3024 2046 3047 ons

260 3070 367 3103 aquo
381 3064 666 3104 propaginantm
696 3066 733 3096 et
757 3064 974 3096 derivantur
998 3065 1122 3097 omnia
1147 3065 1222 3097 alia
1246 3075 1381 3107 genera
1397 3088 1435 3106 „.
1465 3064 1567 3096 Dios
1582 3064 1864 3104 semplioissima
1878 3065 2047 3095 sostnuza

262 3108 364 3140 nella.
388 3109 496 3151 qualo
521 3111 541 3142 ὂ
566 3111 654 3152 ogni
681 3111 781 3144 virtii
807 3111 852 3143 ed
877 3111 965 3152 ogni
991 3120 1201 3145 essenza....
1227 3111 1344 3144 Conv.
1373 3112 1443 3154 111,
1473 3111 1507 3146 2.
1717 3115 1720 3117 ’
