<?xml version="1.0" encoding="UTF-8"?>
<!DOCTYPE html PUBLIC "-//W3C//DTD XHTML 1.0 Transitional//EN"
    "http://www.w3.org/TR/xhtml1/DTD/xhtml1-transitional.dtd">
<html xmlns="http://www.w3.org/1999/xhtml" xml:lang="en" lang="en">
 <head>
  <title>
</title>
<meta http-equiv="Content-Type" content="text/html;charset=utf-8" />
  <meta name='ocr-system' content='tesseract 3.04.00' />
  <meta name='ocr-capabilities' content='ocr_page ocr_carea ocr_par ocr_line ocrx_word'/>
</head>
<body>
  <div class='ocr_page' id='page_1' title='image "./iltrattatodellam00dantuoft_0081.png"; bbox 0 0 2248 3372; ppageno 0'>
   <div class='ocr_carea' id='block_1_1' title="bbox 0 0 642 613">
    <p class='ocr_par' dir='ltr' id='par_1_1' title="bbox 0 0 642 613">
     <span class='ocr_line' id='line_1_1' title="bbox 0 0 642 78; baseline 0 3294"><span class='ocrx_word' id='word_1_1' title='bbox 0 0 642 78; x_wconf 95' lang='lat' dir='ltr'> </span> 
     </span>
     <span class='ocr_line' id='line_1_2' title="bbox 0 78 348 613; baseline 0 -249"><span class='ocrx_word' id='word_1_2' title='bbox 0 78 348 613; x_wconf 95' lang='lat' dir='ltr'>   </span> 
     </span>
    </p>
   </div>
   <div class='ocr_carea' id='block_1_2' title="bbox 0 3118 120 3372">
    <p class='ocr_par' dir='ltr' id='par_1_2' title="bbox 0 3118 120 3372">
     <span class='ocr_line' id='line_1_3' title="bbox 0 3118 120 3372; baseline 0 0"><span class='ocrx_word' id='word_1_3' title='bbox 0 3118 120 3372; x_wconf 95' lang='lat' dir='ltr'> </span> 
     </span>
    </p>
   </div>
   <div class='ocr_carea' id='block_1_3' title="bbox 603 36 1303 53">
    <p class='ocr_par' dir='ltr' id='par_1_3' title="bbox 603 36 1303 53">
     <span class='ocr_line' id='line_1_4' title="bbox 603 36 1303 53; baseline -0.003 0"><span class='ocrx_word' id='word_1_4' title='bbox 603 39 626 53; x_wconf 74' lang='grc' dir='ltr'>,ι’</span> <span class='ocrx_word' id='word_1_5' title='bbox 671 48 676 52; x_wconf 90' lang='grc'>.</span> <span class='ocrx_word' id='word_1_6' title='bbox 771 37 774 42; x_wconf 87' lang='lat'>&#39;</span> <span class='ocrx_word' id='word_1_7' title='bbox 840 36 844 42; x_wconf 83' lang='lat'><em>&#39;</em></span> <span class='ocrx_word' id='word_1_8' title='bbox 915 36 958 52; x_wconf 57' lang='grc' dir='ltr'><strong>“&gt;“ο’</strong></span> <span class='ocrx_word' id='word_1_9' title='bbox 1002 45 1006 51; x_wconf 96' lang='lat'>-</span> <span class='ocrx_word' id='word_1_10' title='bbox 1052 36 1090 45; x_wconf 43' lang='lat'>²¹*</span> <span class='ocrx_word' id='word_1_11' title='bbox 1176 44 1182 48; x_wconf 72' lang='lat'><em>-</em></span> <span class='ocrx_word' id='word_1_12' title='bbox 1301 44 1303 47; x_wconf 86' lang='lat'><em>.</em></span> 
     </span>
    </p>
   </div>
   <div class='ocr_carea' id='block_1_4' title="bbox 1037 153 2013 193">
    <p class='ocr_par' dir='ltr' id='par_1_4' title="bbox 1037 153 2013 193">
     <span class='ocr_line' id='line_1_5' title="bbox 1037 153 2013 193; baseline -0.007 0"><span class='ocrx_word' id='word_1_13' title='bbox 1037 154 1041 156; x_wconf 67' lang='grc'><strong>’</strong></span> <span class='ocrx_word' id='word_1_14' title='bbox 1078 167 1209 193; x_wconf 69' lang='lat' dir='ltr'>PAR-ra</span> <span class='ocrx_word' id='word_1_15' title='bbox 1234 167 1262 191; x_wconf 90' lang='lat'>1.</span> <span class='ocrx_word' id='word_1_16' title='bbox 1969 153 2013 186; x_wconf 80' lang='lat'>77</span> 
     </span>
    </p>
   </div>
   <div class='ocr_carea' id='block_1_5' title="bbox 636 248 919 260">
    <p class='ocr_par' dir='ltr' id='par_1_5' title="bbox 636 248 919 260">
     <span class='ocr_line' id='line_1_6' title="bbox 636 248 919 260; baseline 0 3112"><span class='ocrx_word' id='word_1_17' title='bbox 636 248 919 260; x_wconf 95' lang='lat' dir='ltr'> </span> 
     </span>
    </p>
   </div>
   <div class='ocr_carea' id='block_1_6' title="bbox 282 326 2060 579">
    <p class='ocr_par' dir='ltr' id='par_1_6' title="bbox 282 326 2060 579">
     <span class='ocr_line' id='line_1_7' title="bbox 385 326 2060 384; baseline -0.008 -9"><span class='ocrx_word' id='word_1_18' title='bbox 385 337 518 375; x_wconf 79' lang='lat' dir='ltr'>Anche</span> <span class='ocrx_word' id='word_1_19' title='bbox 547 335 741 384; x_wconf 83' lang='lat' dir='ltr'>Agostino</span> <span class='ocrx_word' id='word_1_20' title='bbox 769 332 932 372; x_wconf 80' lang='lat' dir='ltr'>Trionfo</span> <span class='ocrx_word' id='word_1_21' title='bbox 961 331 1134 379; x_wconf 84' lang='lat' dir='ltr'>procede</span> <span class='ocrx_word' id='word_1_22' title='bbox 1154 335 1227 368; x_wconf 86' lang='lat' dir='ltr'>con</span> <span class='ocrx_word' id='word_1_23' title='bbox 1258 329 1476 378; x_wconf 84' lang='lat' dir='ltr'>argomenti</span> <span class='ocrx_word' id='word_1_24' title='bbox 1507 329 1628 366; x_wconf 77' lang='lat' dir='ltr'>molto</span> <span class='ocrx_word' id='word_1_25' title='bbox 1659 327 1768 365; x_wconf 77' lang='lat' dir='ltr'>affini</span> <span class='ocrx_word' id='word_1_26' title='bbox 1799 337 1822 364; x_wconf 93' lang='lat' dir='ltr'>a</span> <span class='ocrx_word' id='word_1_27' title='bbox 1851 327 1967 373; x_wconf 88' lang='lat' dir='ltr'>quelli</span> <span class='ocrx_word' id='word_1_28' title='bbox 1997 326 2060 363; x_wconf 92' lang='lat' dir='ltr'>del</span> 
     </span>
     <span class='ocr_line' id='line_1_8' title="bbox 282 391 2059 445; baseline -0.007 -4"><span class='ocrx_word' id='word_1_29' title='bbox 282 402 546 440; x_wconf 86' lang='lat' dir='ltr'>Domenicano</span> <span class='ocrx_word' id='word_1_30' title='bbox 573 399 756 443; x_wconf 74' lang='lat' dir='ltr'>vernam,</span> <span class='ocrx_word' id='word_1_31' title='bbox 786 398 915 436; x_wconf 81' lang='lat' dir='ltr'>sicche</span> <span class='ocrx_word' id='word_1_32' title='bbox 957 408 1077 445; x_wconf 86' lang='lat' dir='ltr'>sorge</span> <span class='ocrx_word' id='word_1_33' title='bbox 1106 397 1130 433; x_wconf 91' lang='lat' dir='ltr'>il</span> <span class='ocrx_word' id='word_1_34' title='bbox 1159 397 1343 443; x_wconf 89' lang='lat' dir='ltr'>sospetto</span> <span class='ocrx_word' id='word_1_35' title='bbox 1372 395 1443 432; x_wconf 91' lang='lat' dir='ltr'>che</span> <span class='ocrx_word' id='word_1_36' title='bbox 1486 395 1574 431; x_wconf 88' lang='lat' dir='ltr'>tutti</span> <span class='ocrx_word' id='word_1_37' title='bbox 1617 393 1744 439; x_wconf 85' lang='lat' dir='ltr'>questi</span> <span class='ocrx_word' id='word_1_38' title='bbox 1788 392 1990 429; x_wconf 88' lang='lat' dir='ltr'>avversari</span> <span class='ocrx_word' id='word_1_39' title='bbox 2021 391 2059 428; x_wconf 92' lang='lat' dir='ltr'>di</span> 
     </span>
     <span class='ocr_line' id='line_1_9' title="bbox 283 456 2058 509; baseline -0.007 -4"><span class='ocrx_word' id='word_1_40' title='bbox 283 466 410 505; x_wconf 84' lang='lat' dir='ltr'>Dante</span> <span class='ocrx_word' id='word_1_41' title='bbox 437 467 605 504; x_wconf 86' lang='lat' dir='ltr'>abbiano</span> <span class='ocrx_word' id='word_1_42' title='bbox 632 465 809 502; x_wconf 87' lang='lat' dir='ltr'>ricevuto</span> <span class='ocrx_word' id='word_1_43' title='bbox 838 474 915 500; x_wconf 90' lang='lat' dir='ltr'>una</span> <span class='ocrx_word' id='word_1_44' title='bbox 942 463 1079 509; x_wconf 89' lang='lat' dir='ltr'>parole</span> <span class='ocrx_word' id='word_1_45' title='bbox 1121 456 1311 498; x_wconf 80' lang='lat' dir='ltr'>d’ordine.</span> <span class='ocrx_word' id='word_1_46' title='bbox 1341 459 1528 497; x_wconf 89' lang='lat' dir='ltr'>Tuttavia</span> <span class='ocrx_word' id='word_1_47' title='bbox 1557 459 1580 495; x_wconf 91' lang='lat' dir='ltr'>il</span> <span class='ocrx_word' id='word_1_48' title='bbox 1610 458 1714 495; x_wconf 81' lang='lat' dir='ltr'>frate</span> <span class='ocrx_word' id='word_1_49' title='bbox 1758 457 1995 494; x_wconf 88' lang='lat' dir='ltr'>anconitano</span> <span class='ocrx_word' id='word_1_50' title='bbox 2025 457 2058 494; x_wconf 85' lang='lat' dir='ltr'>si</span> 
     </span>
     <span class='ocr_line' id='line_1_10' title="bbox 282 522 2060 579; baseline -0.007 -10"><span class='ocrx_word' id='word_1_51' title='bbox 282 533 395 570; x_wconf 87' lang='lat' dir='ltr'>eleva</span> <span class='ocrx_word' id='word_1_52' title='bbox 408 531 552 578; x_wconf 82' lang='lat' dir='ltr'>soprai</span> <span class='ocrx_word' id='word_1_53' title='bbox 573 530 658 567; x_wconf 82' lang='lat' dir='ltr'>suoi</span> <span class='ocrx_word' id='word_1_54' title='bbox 673 526 750 566; x_wconf 86' lang='lat' dir='ltr'>due</span> <span class='ocrx_word' id='word_1_55' title='bbox 766 528 921 566; x_wconf 88' lang='lat' dir='ltr'>coetani</span> <span class='ocrx_word' id='word_1_56' title='bbox 942 526 1274 574; x_wconf 88' lang='lat' dir='ltr'>soprannominati</span> <span class='ocrx_word' id='word_1_57' title='bbox 1294 536 1364 579; x_wconf 89' lang='lat' dir='ltr'>per</span> <span class='ocrx_word' id='word_1_58' title='bbox 1386 536 1463 562; x_wconf 88' lang='lat' dir='ltr'>una</span> <span class='ocrx_word' id='word_1_59' title='bbox 1482 527 1591 561; x_wconf 90' lang='lat' dir='ltr'>certa</span> <span class='ocrx_word' id='word_1_60' title='bbox 1611 524 1819 571; x_wconf 85' lang='lat' dir='ltr'>larghezza</span> <span class='ocrx_word' id='word_1_61' title='bbox 1839 522 1876 558; x_wconf 92' lang='lat' dir='ltr'>di</span> <span class='ocrx_word' id='word_1_62' title='bbox 1893 522 2060 569; x_wconf 88' lang='lat' dir='ltr'>disegno</span> 
     </span>
    </p>
   </div>
   <div class='ocr_carea' id='block_1_7' title="bbox 269 587 2060 649">
    <p class='ocr_par' dir='ltr' id='par_1_7' title="bbox 269 587 2060 649">
     <span class='ocr_line' id='line_1_11' title="bbox 269 587 2060 649; baseline -0.005 -16"><span class='ocrx_word' id='word_1_63' title='bbox 269 606 304 649; x_wconf 50' lang='lat' dir='ltr'>⁴e</span> <span class='ocrx_word' id='word_1_64' title='bbox 333 605 401 642; x_wconf 85' lang='lat' dir='ltr'>per</span> <span class='ocrx_word' id='word_1_65' title='bbox 428 605 478 646; x_wconf 87' lang='lat' dir='ltr'>un</span> <span class='ocrx_word' id='word_1_66' title='bbox 507 595 661 632; x_wconf 89' lang='lat' dir='ltr'>sincero</span> <span class='ocrx_word' id='word_1_67' title='bbox 689 593 848 631; x_wconf 80' lang='lat' dir='ltr'>fervore</span> <span class='ocrx_word' id='word_1_68' title='bbox 877 594 948 630; x_wconf 92' lang='lat' dir='ltr'>che</span> <span class='ocrx_word' id='word_1_69' title='bbox 978 592 1099 629; x_wconf 91' lang='lat' dir='ltr'>rende</span> <span class='ocrx_word' id='word_1_70' title='bbox 1128 593 1167 628; x_wconf 90' lang='lat' dir='ltr'>la</span> <span class='ocrx_word' id='word_1_71' title='bbox 1194 602 1267 628; x_wconf 83' lang='lat' dir='ltr'>sua</span> <span class='ocrx_word' id='word_1_72' title='bbox 1303 606 1320 623; x_wconf 88' lang='lat'>«</span> <span class='ocrx_word' id='word_1_73' title='bbox 1348 590 1515 628; x_wconf 86' lang='lat' dir='ltr'>Summa</span> <span class='ocrx_word' id='word_1_74' title='bbox 1544 591 1594 627; x_wconf 84' lang='lat' dir='ltr'>de</span> <span class='ocrx_word' id='word_1_75' title='bbox 1624 591 1827 636; x_wconf 84' lang='lat' dir='ltr'><em>potestate</em></span> <span class='ocrx_word' id='word_1_76' title='bbox 1870 587 2060 625; x_wconf 80' lang='lat' dir='ltr'>ecelesia-</span> 
     </span>
    </p>
   </div>
   <div class='ocr_carea' id='block_1_8' title="bbox 278 652 2065 1419">
    <p class='ocr_par' dir='ltr' id='par_1_8' title="bbox 278 652 2065 1419">
     <span class='ocr_line' id='line_1_12' title="bbox 279 652 2058 706; baseline -0.006 -8"><span class='ocrx_word' id='word_1_77' title='bbox 279 660 382 698; x_wconf 75' lang='lat' dir='ltr'>stica</span> <span class='ocrx_word' id='word_1_78' title='bbox 409 675 425 693; x_wconf 91' lang='lat'>&gt;›</span> <span class='ocrx_word' id='word_1_79' title='bbox 460 659 664 706; x_wconf 80' lang='lat' dir='ltr'>superiore</span> <span class='ocrx_word' id='word_1_80' title='bbox 692 669 715 696; x_wconf 91' lang='lat' dir='ltr'>a</span> <span class='ocrx_word' id='word_1_81' title='bbox 743 658 850 696; x_wconf 89' lang='lat' dir='ltr'>molti</span> <span class='ocrx_word' id='word_1_82' title='bbox 879 658 1056 704; x_wconf 87' lang='lat' dir='ltr'>opuscoli</span> <span class='ocrx_word' id='word_1_83' title='bbox 1085 657 1121 693; x_wconf 92' lang='lat' dir='ltr'>di</span> <span class='ocrx_word' id='word_1_84' title='bbox 1150 656 1266 703; x_wconf 89' lang='lat' dir='ltr'>quell&#39;</span> <span class='ocrx_word' id='word_1_85' title='bbox 1283 666 1421 702; x_wconf 91' lang='lat' dir='ltr'>epoca.</span> <span class='ocrx_word' id='word_1_86' title='bbox 1452 655 1537 702; x_wconf 87' lang='lat' dir='ltr'>Egli</span> <span class='ocrx_word' id='word_1_87' title='bbox 1566 665 1662 700; x_wconf 88' lang='lat' dir='ltr'>pure</span> <span class='ocrx_word' id='word_1_88' title='bbox 1691 664 1736 690; x_wconf 85' lang='lat' dir='ltr'>se</span> <span class='ocrx_word' id='word_1_89' title='bbox 1756 654 1794 690; x_wconf 90' lang='lat' dir='ltr'>la</span> <span class='ocrx_word' id='word_1_90' title='bbox 1823 652 1971 698; x_wconf 79' lang='lat' dir='ltr'>prende</span> <span class='ocrx_word' id='word_1_91' title='bbox 1997 652 2058 688; x_wconf 89' lang='lat' dir='ltr'>coi</span> 
     </span>
     <span class='ocr_line' id='line_1_13' title="bbox 278 716 2058 778; baseline -0.006 -15"><span class='ocrx_word' id='word_1_92' title='bbox 278 725 434 778; x_wconf 79' lang='lat' dir='ltr'>reprobi</span> <span class='ocrx_word' id='word_1_93' title='bbox 461 725 532 762; x_wconf 89' lang='lat' dir='ltr'>che</span> <span class='ocrx_word' id='word_1_94' title='bbox 561 735 638 762; x_wconf 91' lang='lat' dir='ltr'>non</span> <span class='ocrx_word' id='word_1_95' title='bbox 666 724 855 771; x_wconf 83' lang='lat' dir='ltr'>vogliono</span> <span class='ocrx_word' id='word_1_96' title='bbox 883 723 1133 760; x_wconf 88' lang='lat' dir='ltr'>riconoscere</span> <span class='ocrx_word' id='word_1_97' title='bbox 1176 721 1373 758; x_wconf 81' lang='lat' dir='ltr'>l’autorita</span> <span class='ocrx_word' id='word_1_98' title='bbox 1415 720 1519 757; x_wconf 88' lang='lat' dir='ltr'>della</span> <span class='ocrx_word' id='word_1_99' title='bbox 1560 719 1667 756; x_wconf 90' lang='lat' dir='ltr'>curia</span> <span class='ocrx_word' id='word_1_100' title='bbox 1709 718 1862 764; x_wconf 90' lang='lat' dir='ltr'>papale.</span> <span class='ocrx_word' id='word_1_101' title='bbox 1899 731 1917 749; x_wconf 87' lang='lat'>«</span> <span class='ocrx_word' id='word_1_102' title='bbox 1946 716 2058 754; x_wconf 87' lang='lat' dir='ltr'>Unde</span> 
     </span>
     <span class='ocr_line' id='line_1_14' title="bbox 279 781 2060 836; baseline -0.006 -9"><span class='ocrx_word' id='word_1_103' title='bbox 279 796 389 828; x_wconf 82' lang='lat' dir='ltr'>error</span> <span class='ocrx_word' id='word_1_104' title='bbox 417 791 478 827; x_wconf 87' lang='lat' dir='ltr'>est</span> <span class='ocrx_word' id='word_1_105' title='bbox 504 789 713 836; x_wconf 88' lang='lat' dir='ltr'>pertinacis</span> <span class='ocrx_word' id='word_1_106' title='bbox 741 788 881 825; x_wconf 89' lang='lat' dir='ltr'>mentis</span> <span class='ocrx_word' id='word_1_107' title='bbox 907 798 985 825; x_wconf 93' lang='lat' dir='ltr'>non</span> <span class='ocrx_word' id='word_1_108' title='bbox 1014 787 1177 824; x_wconf 91' lang='lat' dir='ltr'>credere</span> <span class='ocrx_word' id='word_1_109' title='bbox 1207 786 1420 823; x_wconf 88' lang='lat' dir='ltr'>Romanum</span> <span class='ocrx_word' id='word_1_110' title='bbox 1459 782 1689 825; x_wconf 80' lang='lat' dir='ltr'>Pontificem</span> <span class='ocrx_word' id='word_1_111' title='bbox 1727 781 1961 819; x_wconf 87' lang='lat' dir='ltr'>universalis</span> <span class='ocrx_word' id='word_1_112' title='bbox 1991 781 2060 818; x_wconf 88' lang='lat' dir='ltr'>Ec-</span> 
     </span>
     <span class='ocr_line' id='line_1_15' title="bbox 280 846 2063 901; baseline -0.006 -9"><span class='ocrx_word' id='word_1_113' title='bbox 280 855 413 892; x_wconf 82' lang='lat' dir='ltr'>clesiae</span> <span class='ocrx_word' id='word_1_114' title='bbox 441 857 650 901; x_wconf 81' lang='lat' dir='ltr'>pastorem,</span> <span class='ocrx_word' id='word_1_115' title='bbox 681 853 786 891; x_wconf 86' lang='lat' dir='ltr'>Petri</span> <span class='ocrx_word' id='word_1_116' title='bbox 815 863 1085 890; x_wconf 81' lang='lat' dir='ltr'>successorem</span> <span class='ocrx_word' id='word_1_117' title='bbox 1115 854 1156 889; x_wconf 92' lang='lat' dir='ltr'>et</span> <span class='ocrx_word' id='word_1_118' title='bbox 1185 851 1329 889; x_wconf 81' lang='lat' dir='ltr'>Christi</span> <span class='ocrx_word' id='word_1_119' title='bbox 1359 851 1569 898; x_wconf 87' lang='lat' dir='ltr'>legitimum</span> <span class='ocrx_word' id='word_1_120' title='bbox 1598 849 1783 886; x_wconf 90' lang='lat' dir='ltr'>vicarium</span> <span class='ocrx_word' id='word_1_121' title='bbox 1813 858 1932 893; x_wconf 89' lang='lat' dir='ltr'>supra</span> <span class='ocrx_word' id='word_1_122' title='bbox 1953 846 2063 892; x_wconf 84' lang='lat' dir='ltr'>spiri-</span> 
     </span>
     <span class='ocr_line' id='line_1_16' title="bbox 279 912 2060 965; baseline -0.005 -9"><span class='ocrx_word' id='word_1_123' title='bbox 279 920 400 958; x_wconf 87' lang='lat' dir='ltr'>tualia</span> <span class='ocrx_word' id='word_1_124' title='bbox 427 922 469 957; x_wconf 93' lang='lat' dir='ltr'>et</span> <span class='ocrx_word' id='word_1_125' title='bbox 496 919 724 965; x_wconf 85' lang='lat' dir='ltr'>temporalia</span> <span class='ocrx_word' id='word_1_126' title='bbox 765 918 1026 955; x_wconf 87' lang='lat' dir='ltr'>universalem</span> <span class='ocrx_word' id='word_1_127' title='bbox 1068 928 1146 955; x_wconf 93' lang='lat' dir='ltr'>non</span> <span class='ocrx_word' id='word_1_128' title='bbox 1176 917 1322 954; x_wconf 85' lang='lat' dir='ltr'>habere</span> <span class='ocrx_word' id='word_1_129' title='bbox 1351 912 1595 962; x_wconf 51' lang='lat' dir='ltr'>primatum(</span> <span class='ocrx_word' id='word_1_130' title='bbox 1613 915 1649 951; x_wconf 90' lang='lat' dir='ltr'>in</span> <span class='ocrx_word' id='word_1_131' title='bbox 1693 924 1806 960; x_wconf 91' lang='lat' dir='ltr'>quem</span> <span class='ocrx_word' id='word_1_132' title='bbox 1850 912 2060 959; x_wconf 87' lang='lat' dir='ltr'>(errorem)</span> 
     </span>
     <span class='ocr_line' id='line_1_17' title="bbox 279 977 2059 1033; baseline -0.005 -11"><span class='ocrx_word' id='word_1_133' title='bbox 279 983 512 1033; x_wconf 83' lang='lat' dir='ltr'>quandoque</span> <span class='ocrx_word' id='word_1_134' title='bbox 558 984 662 1021; x_wconf 90' lang='lat' dir='ltr'>multi</span> <span class='ocrx_word' id='word_1_135' title='bbox 709 983 890 1021; x_wconf 85' lang='lat' dir='ltr'>labuntur</span> <span class='ocrx_word' id='word_1_136' title='bbox 935 983 1063 1020; x_wconf 87' lang='lat' dir='ltr'>dictae</span> <span class='ocrx_word' id='word_1_137' title='bbox 1111 982 1322 1029; x_wconf 83' lang='lat' dir='ltr'>potestatis</span> <span class='ocrx_word' id='word_1_138' title='bbox 1367 981 1626 1029; x_wconf 86' lang='lat' dir='ltr'>ignorantia...</span> <span class='ocrx_word' id='word_1_139' title='bbox 1656 979 1784 1016; x_wconf 86' lang='lat' dir='ltr'>Multo</span> <span class='ocrx_word' id='word_1_140' title='bbox 1833 978 1957 1024; x_wconf 85' lang='lat' dir='ltr'>magis</span> <span class='ocrx_word' id='word_1_141' title='bbox 1986 977 2059 1013; x_wconf 89' lang='lat' dir='ltr'>hac</span> 
     </span>
     <span class='ocr_line' id='line_1_18' title="bbox 280 1042 2063 1095; baseline -0.005 -9"><span class='ocrx_word' id='word_1_142' title='bbox 280 1049 419 1095; x_wconf 85' lang='lat' dir='ltr'>duplici</span> <span class='ocrx_word' id='word_1_143' title='bbox 448 1059 578 1090; x_wconf 90' lang='lat' dir='ltr'>causa,</span> <span class='ocrx_word' id='word_1_144' title='bbox 609 1059 662 1086; x_wconf 92' lang='lat' dir='ltr'>sc.</span> <span class='ocrx_word' id='word_1_145' title='bbox 691 1049 904 1085; x_wconf 89' lang='lat' dir='ltr'>humilitate</span> <span class='ocrx_word' id='word_1_146' title='bbox 933 1048 1059 1089; x_wconf 89' lang='lat' dir='ltr'>nimia,</span> <span class='ocrx_word' id='word_1_147' title='bbox 1089 1048 1179 1084; x_wconf 85' lang='lat' dir='ltr'>sive·</span> <span class='ocrx_word' id='word_1_148' title='bbox 1204 1047 1429 1084; x_wconf 79' lang='lat' dir='ltr'>adulatione</span> <span class='ocrx_word' id='word_1_149' title='bbox 1458 1044 1660 1092; x_wconf 81' lang='lat' dir='ltr'>pestifera,</span> <span class='ocrx_word' id='word_1_150' title='bbox 1691 1044 1810 1080; x_wconf 88' lang='lat' dir='ltr'>multa</span> <span class='ocrx_word' id='word_1_151' title='bbox 1830 1042 2063 1080; x_wconf 86' lang='lat' dir='ltr'>subtrahun-</span> 
     </span>
     <span class='ocr_line' id='line_1_19' title="bbox 279 1106 2063 1159; baseline -0.004 -8"><span class='ocrx_word' id='word_1_152' title='bbox 279 1115 342 1151; x_wconf 90' lang='lat' dir='ltr'>tur</span> <span class='ocrx_word' id='word_1_153' title='bbox 369 1114 418 1151; x_wconf 88' lang='lat' dir='ltr'>de</span> <span class='ocrx_word' id='word_1_154' title='bbox 448 1112 591 1151; x_wconf 86' lang='lat' dir='ltr'>Christi</span> <span class='ocrx_word' id='word_1_155' title='bbox 620 1107 751 1150; x_wconf 79' lang='lat' dir='ltr'>v&#39;icarii</span> <span class='ocrx_word' id='word_1_156' title='bbox 781 1113 951 1150; x_wconf 91' lang='lat' dir='ltr'>dominio</span> <span class='ocrx_word' id='word_1_157' title='bbox 979 1115 1021 1150; x_wconf 93' lang='lat' dir='ltr'>et</span> <span class='ocrx_word' id='word_1_158' title='bbox 1049 1113 1243 1159; x_wconf 82' lang='lat' dir='ltr'>potentia3</span> <span class='ocrx_word' id='word_1_159' title='bbox 1273 1111 1378 1149; x_wconf 89' lang='lat' dir='ltr'>multi</span> <span class='ocrx_word' id='word_1_160' title='bbox 1409 1114 1538 1148; x_wconf 89' lang='lat' dir='ltr'>autem</span> <span class='ocrx_word' id='word_1_161' title='bbox 1568 1110 1724 1147; x_wconf 86' lang='lat' dir='ltr'>curiosa</span> <span class='ocrx_word' id='word_1_162' title='bbox 1744 1108 1908 1146; x_wconf 89' lang='lat' dir='ltr'>scientia</span> <span class='ocrx_word' id='word_1_163' title='bbox 1928 1109 1969 1144; x_wconf 90' lang='lat' dir='ltr'>et</span> <span class='ocrx_word' id='word_1_164' title='bbox 1992 1106 2063 1143; x_wconf 89' lang='lat' dir='ltr'>uti-</span> 
     </span>
     <span class='ocr_line' id='line_1_20' title="bbox 281 1173 2060 1224; baseline -0.004 -8"><span class='ocrx_word' id='word_1_165' title='bbox 281 1188 368 1216; x_wconf 85' lang='lat' dir='ltr'>nam</span> <span class='ocrx_word' id='word_1_166' title='bbox 397 1189 474 1218; x_wconf 91' lang='lat' dir='ltr'>non</span> <span class='ocrx_word' id='word_1_167' title='bbox 504 1179 608 1216; x_wconf 89' lang='lat' dir='ltr'>elata</span> <span class='ocrx_word' id='word_1_168' title='bbox 649 1178 832 1224; x_wconf 88' lang='lat' dir='ltr'>superbia</span> <span class='ocrx_word' id='word_1_169' title='bbox 873 1178 1076 1224; x_wconf 85' lang='lat' dir='ltr'>cupientes</span> <span class='ocrx_word' id='word_1_170' title='bbox 1105 1188 1154 1215; x_wconf 86' lang='lat' dir='ltr'>ex</span> <span class='ocrx_word' id='word_1_171' title='bbox 1183 1177 1411 1224; x_wconf 87' lang='lat' dir='ltr'>quibusdam</span> <span class='ocrx_word' id='word_1_172' title='bbox 1454 1177 1568 1214; x_wconf 89' lang='lat' dir='ltr'>novis</span> <span class='ocrx_word' id='word_1_173' title='bbox 1605 1174 1729 1212; x_wconf 89' lang='lat' dir='ltr'>videri</span> <span class='ocrx_word' id='word_1_174' title='bbox 1773 1173 1904 1220; x_wconf 89' lang='lat' dir='ltr'>potius</span> <span class='ocrx_word' id='word_1_175' title='bbox 1946 1178 2060 1218; x_wconf 87' lang='lat' dir='ltr'>quam</span> 
     </span>
     <span class='ocr_line' id='line_1_21' title="bbox 281 1238 2065 1290; baseline -0.004 -10"><span class='ocrx_word' id='word_1_176' title='bbox 281 1242 416 1281; x_wconf 89' lang='lat' dir='ltr'>videre</span> <span class='ocrx_word' id='word_1_177' title='bbox 444 1246 485 1280; x_wconf 90' lang='lat' dir='ltr'>et</span> <span class='ocrx_word' id='word_1_178' title='bbox 512 1243 599 1280; x_wconf 88' lang='lat' dir='ltr'>sciri</span> <span class='ocrx_word' id='word_1_179' title='bbox 629 1244 759 1290; x_wconf 87' lang='lat' dir='ltr'>potius</span> <span class='ocrx_word' id='word_1_180' title='bbox 788 1254 901 1289; x_wconf 90' lang='lat' dir='ltr'>quam</span> <span class='ocrx_word' id='word_1_181' title='bbox 931 1243 1030 1280; x_wconf 90' lang='lat' dir='ltr'>scire</span> <span class='ocrx_word' id='word_1_182' title='bbox 1035 1270 1096 1279; x_wconf 89' lang='grc'><strong>.....</strong></span> <span class='ocrx_word' id='word_1_183' title='bbox 1118 1243 1215 1279; x_wconf 86' lang='lat' dir='ltr'>Huic</span> <span class='ocrx_word' id='word_1_184' title='bbox 1245 1244 1373 1279; x_wconf 90' lang='lat' dir='ltr'>tamen</span> <span class='ocrx_word' id='word_1_185' title='bbox 1404 1241 1595 1288; x_wconf 83' lang='lat' dir='ltr'>pestifero</span> <span class='ocrx_word' id='word_1_186' title='bbox 1617 1241 1754 1277; x_wconf 92' lang='lat' dir='ltr'>morbo</span> <span class='ocrx_word' id='word_1_187' title='bbox 1774 1238 1918 1276; x_wconf 83' lang='lat' dir='ltr'>salubri</span> <span class='ocrx_word' id='word_1_188' title='bbox 1940 1247 2065 1274; x_wconf 88' lang='lat' dir='ltr'>reme·</span> 
     </span>
     <span class='ocr_line' id='line_1_22' title="bbox 281 1299 2061 1354; baseline -0.003 -9"><span class='ocrx_word' id='word_1_189' title='bbox 281 1308 346 1346; x_wconf 92' lang='lat' dir='ltr'>dio</span> <span class='ocrx_word' id='word_1_190' title='bbox 374 1307 610 1354; x_wconf 89' lang='lat' dir='ltr'>providetur,</span> <span class='ocrx_word' id='word_1_191' title='bbox 640 1299 724 1345; x_wconf 80' lang='lat' dir='ltr'>cum</span> <span class='ocrx_word' id='word_1_192' title='bbox 753 1319 777 1345; x_wconf 88' lang='lat' dir='ltr'>a</span> <span class='ocrx_word' id='word_1_193' title='bbox 805 1310 930 1345; x_wconf 84' lang='lat' dir='ltr'>sac&#39;rae</span> <span class='ocrx_word' id='word_1_194' title='bbox 959 1308 1162 1354; x_wconf 83' lang='lat' dir='ltr'>scripturae</span> <span class='ocrx_word' id='word_1_195' title='bbox 1204 1307 1432 1344; x_wconf 88' lang='lat' dir='ltr'>doctoribus</span> <span class='ocrx_word' id='word_1_196' title='bbox 1472 1307 1583 1343; x_wconf 87' lang='lat' dir='ltr'>varia</span> <span class='ocrx_word' id='word_1_197' title='bbox 1625 1308 1666 1342; x_wconf 91' lang='lat' dir='ltr'>et</span> <span class='ocrx_word' id='word_1_198' title='bbox 1707 1305 1865 1341; x_wconf 88' lang='lat' dir='ltr'>diversa</span> <span class='ocrx_word' id='word_1_199' title='bbox 1894 1302 2061 1340; x_wconf 87' lang='lat' dir='ltr'>conscri-</span> 
     </span>
     <span class='ocr_line' id='line_1_23' title="bbox 279 1368 2061 1419; baseline -0.004 -9"><span class='ocrx_word' id='word_1_200' title='bbox 279 1373 429 1415; x_wconf 88' lang='lat' dir='ltr'>buntur,</span> <span class='ocrx_word' id='word_1_201' title='bbox 458 1374 547 1419; x_wconf 90' lang='lat' dir='ltr'>quia</span> <span class='ocrx_word' id='word_1_202' title='bbox 575 1373 674 1410; x_wconf 89' lang='lat' dir='ltr'>enim</span> <span class='ocrx_word' id='word_1_203' title='bbox 703 1373 831 1410; x_wconf 89' lang='lat' dir='ltr'>nullus</span> <span class='ocrx_word' id='word_1_204' title='bbox 859 1383 1025 1419; x_wconf 88' lang='lat' dir='ltr'>unquam</span> <span class='ocrx_word' id='word_1_205' title='bbox 1054 1373 1248 1410; x_wconf 90' lang='lat' dir='ltr'>hominum</span> <span class='ocrx_word' id='word_1_206' title='bbox 1278 1373 1332 1409; x_wconf 89' lang='lat' dir='ltr'>ita</span> <span class='ocrx_word' id='word_1_207' title='bbox 1361 1373 1467 1409; x_wconf 90' lang='lat' dir='ltr'>clare</span> <span class='ocrx_word' id='word_1_208' title='bbox 1496 1373 1652 1409; x_wconf 84' lang='lat' dir='ltr'>locutus</span> <span class='ocrx_word' id='word_1_209' title='bbox 1681 1373 1743 1407; x_wconf 88' lang='lat' dir='ltr'>est</span> <span class='ocrx_word' id='word_1_210' title='bbox 1764 1371 1805 1406; x_wconf 90' lang='lat' dir='ltr'>ut</span> <span class='ocrx_word' id='word_1_211' title='bbox 1825 1370 1860 1405; x_wconf 89' lang='lat' dir='ltr'>in</span> <span class='ocrx_word' id='word_1_212' title='bbox 1883 1368 2061 1405; x_wconf 88' lang='lat' dir='ltr'>omnibus</span> 
     </span>
    </p>
   </div>
   <div class='ocr_carea' id='block_1_9' title="bbox 241 1437 985 1485">
    <p class='ocr_par' dir='ltr' id='par_1_9' title="bbox 241 1437 985 1485">
     <span class='ocr_line' id='line_1_24' title="bbox 241 1437 985 1485; baseline -0.001 -10"><span class='ocrx_word' id='word_1_213' title='bbox 241 1442 245 1446; x_wconf 86' lang='grc'><strong>’</strong></span> <span class='ocrx_word' id='word_1_214' title='bbox 280 1438 330 1475; x_wconf 89' lang='lat' dir='ltr'>ab</span> <span class='ocrx_word' id='word_1_215' title='bbox 359 1437 535 1475; x_wconf 87' lang='lat' dir='ltr'>omnibus</span> <span class='ocrx_word' id='word_1_216' title='bbox 564 1437 724 1485; x_wconf 85' lang='lat' dir='ltr'>intelligi</span> <span class='ocrx_word' id='word_1_217' title='bbox 755 1439 918 1484; x_wconf 57' lang='lat' dir='ltr'>possit:</span> <span class='ocrx_word' id='word_1_218' title='bbox 949 1454 985 1474; x_wconf 88' lang='lat'>».</span> 
     </span>
    </p>
   </div>
   <div class='ocr_carea' id='block_1_10' title="bbox 277 1497 2064 2716">
    <p class='ocr_par' dir='ltr' id='par_1_10' title="bbox 277 1497 2062 1753">
     <span class='ocr_line' id='line_1_25' title="bbox 387 1497 2062 1548; baseline -0.002 -9"><span class='ocrx_word' id='word_1_219' title='bbox 387 1501 448 1539; x_wconf 90' lang='lat' dir='ltr'>Da</span> <span class='ocrx_word' id='word_1_220' title='bbox 476 1504 614 1548; x_wconf 84' lang='lat' dir='ltr'>queste</span> <span class='ocrx_word' id='word_1_221' title='bbox 644 1504 779 1548; x_wconf 92' lang='lat' dir='ltr'>parole</span> <span class='ocrx_word' id='word_1_222' title='bbox 808 1504 839 1540; x_wconf 86' lang='lat' dir='ltr'>si</span> <span class='ocrx_word' id='word_1_223' title='bbox 869 1502 971 1540; x_wconf 90' lang='lat' dir='ltr'>vede</span> <span class='ocrx_word' id='word_1_224' title='bbox 1001 1503 1072 1540; x_wconf 93' lang='lat' dir='ltr'>che</span> <span class='ocrx_word' id='word_1_225' title='bbox 1103 1503 1140 1540; x_wconf 93' lang='lat' dir='ltr'>lo</span> <span class='ocrx_word' id='word_1_226' title='bbox 1170 1504 1306 1540; x_wconf 86' lang='lat' dir='ltr'>scritto</span> <span class='ocrx_word' id='word_1_227' title='bbox 1335 1513 1404 1540; x_wconf 92' lang='lat' dir='ltr'>era</span> <span class='ocrx_word' id='word_1_228' title='bbox 1447 1502 1646 1539; x_wconf 85' lang='lat' dir='ltr'>destinato</span> <span class='ocrx_word' id='word_1_229' title='bbox 1685 1511 1709 1537; x_wconf 92' lang='lat' dir='ltr'>a</span> <span class='ocrx_word' id='word_1_230' title='bbox 1738 1510 1877 1546; x_wconf 91' lang='lat' dir='ltr'>parare</span> <span class='ocrx_word' id='word_1_231' title='bbox 1916 1497 2062 1535; x_wconf 85' lang='lat' dir='ltr'>recenti</span> 
     </span>
     <span class='ocr_line' id='line_1_26' title="bbox 281 1564 2061 1615; baseline -0.003 -11"><span class='ocrx_word' id='word_1_232' title='bbox 281 1567 415 1604; x_wconf 84' lang='lat' dir='ltr'>assalti</span> <span class='ocrx_word' id='word_1_233' title='bbox 444 1578 467 1604; x_wconf 92' lang='lat' dir='ltr'>e</span> <span class='ocrx_word' id='word_1_234' title='bbox 495 1568 566 1604; x_wconf 92' lang='lat' dir='ltr'>che</span> <span class='ocrx_word' id='word_1_235' title='bbox 595 1567 760 1604; x_wconf 88' lang='lat' dir='ltr'>l&#39;autore</span> <span class='ocrx_word' id='word_1_236' title='bbox 790 1567 1001 1604; x_wconf 87' lang='lat' dir='ltr'>intendeva</span> <span class='ocrx_word' id='word_1_237' title='bbox 1030 1567 1066 1604; x_wconf 90' lang='lat' dir='ltr'>di</span> <span class='ocrx_word' id='word_1_238' title='bbox 1104 1569 1300 1615; x_wconf 86' lang='lat' dir='ltr'>spiegare‚</span> <span class='ocrx_word' id='word_1_239' title='bbox 1331 1579 1355 1605; x_wconf 94' lang='lat'>0</span> <span class='ocrx_word' id='word_1_240' title='bbox 1385 1568 1528 1614; x_wconf 87' lang='lat' dir='ltr'>meglio</span> <span class='ocrx_word' id='word_1_241' title='bbox 1571 1566 1608 1602; x_wconf 92' lang='lat' dir='ltr'>di</span> <span class='ocrx_word' id='word_1_242' title='bbox 1652 1565 1862 1606; x_wconf 85' lang='lat' dir='ltr'>eliminare,</span> <span class='ocrx_word' id='word_1_243' title='bbox 1893 1564 1929 1599; x_wconf 88' lang='lat' dir='ltr'>le</span> <span class='ocrx_word' id='word_1_244' title='bbox 1973 1573 2061 1599; x_wconf 93' lang='lat' dir='ltr'>con-</span> 
     </span>
     <span class='ocr_line' id='line_1_27' title="bbox 277 1627 2062 1676; baseline -0.003 -8"><span class='ocrx_word' id='word_1_245' title='bbox 277 1630 510 1668; x_wconf 78' lang='lat' dir='ltr'>traddizioni</span> <span class='ocrx_word' id='word_1_246' title='bbox 539 1633 610 1669; x_wconf 90' lang='lat' dir='ltr'>che</span> <span class='ocrx_word' id='word_1_247' title='bbox 639 1632 671 1669; x_wconf 89' lang='lat' dir='ltr'>si</span> <span class='ocrx_word' id='word_1_248' title='bbox 700 1633 931 1670; x_wconf 86' lang='lat' dir='ltr'>incontrano</span> <span class='ocrx_word' id='word_1_249' title='bbox 960 1633 1022 1669; x_wconf 93' lang='lat' dir='ltr'>nel</span> <span class='ocrx_word' id='word_1_250' title='bbox 1052 1632 1195 1670; x_wconf 92' lang='lat' dir='ltr'>Nuovo</span> <span class='ocrx_word' id='word_1_251' title='bbox 1211 1633 1467 1670; x_wconf 85' lang='lat' dir='ltr'>Testamento</span> <span class='ocrx_word' id='word_1_252' title='bbox 1497 1632 1679 1668; x_wconf 86' lang='lat' dir='ltr'>invocate</span> <span class='ocrx_word' id='word_1_253' title='bbox 1702 1633 1812 1666; x_wconf 88' lang='lat' dir='ltr'>tanto</span> <span class='ocrx_word' id='word_1_254' title='bbox 1833 1629 1937 1676; x_wconf 88' lang='lat' dir='ltr'>dagli</span> <span class='ocrx_word' id='word_1_255' title='bbox 1955 1627 2062 1665; x_wconf 87' lang='lat' dir='ltr'>scrit-</span> 
     </span>
     <span class='ocr_line' id='line_1_28' title="bbox 281 1692 1112 1753; baseline 0.002 -21"><span class='ocrx_word' id='word_1_256' title='bbox 281 1696 355 1732; x_wconf 81' lang='lat' dir='ltr'>tori</span> <span class='ocrx_word' id='word_1_257' title='bbox 384 1694 524 1753; x_wconf 88' lang='lat' dir='ltr'>papisti</span> <span class='ocrx_word' id='word_1_258' title='bbox 553 1699 699 1742; x_wconf 91' lang='lat' dir='ltr'>quanto</span> <span class='ocrx_word' id='word_1_259' title='bbox 728 1696 831 1744; x_wconf 87' lang='lat' dir='ltr'>dagli</span> <span class='ocrx_word' id='word_1_260' title='bbox 861 1692 1112 1743; x_wconf 85' lang='lat' dir='ltr'>imperialisti.</span> 
     </span>
    </p>

    <p class='ocr_par' dir='ltr' id='par_1_11' title="bbox 281 1757 2064 2453">
     <span class='ocr_line' id='line_1_29' title="bbox 388 1757 2061 1810; baseline -0.002 -13"><span class='ocrx_word' id='word_1_261' title='bbox 388 1759 413 1797; x_wconf 91' lang='lat' dir='ltr'>ll</span> <span class='ocrx_word' id='word_1_262' title='bbox 444 1762 565 1807; x_wconf 89' lang='lat' dir='ltr'>punto</span> <span class='ocrx_word' id='word_1_263' title='bbox 607 1761 644 1797; x_wconf 92' lang='lat' dir='ltr'>di</span> <span class='ocrx_word' id='word_1_264' title='bbox 687 1763 874 1808; x_wconf 89' lang='lat' dir='ltr'>partenza</span> <span class='ocrx_word' id='word_1_265' title='bbox 916 1773 986 1808; x_wconf 89' lang='lat' dir='ltr'>per</span> <span class='ocrx_word' id='word_1_266' title='bbox 1014 1761 1208 1810; x_wconf 86' lang='lat' dir='ltr'>Agostino</span> <span class='ocrx_word' id='word_1_267' title='bbox 1251 1762 1427 1805; x_wconf 78' lang='lat' dir='ltr'>Trionfo‚</span> <span class='ocrx_word' id='word_1_268' title='bbox 1458 1773 1567 1799; x_wconf 90' lang='lat' dir='ltr'>come</span> <span class='ocrx_word' id='word_1_269' title='bbox 1611 1772 1681 1808; x_wconf 90' lang='lat' dir='ltr'>per</span> <span class='ocrx_word' id='word_1_270' title='bbox 1709 1760 1751 1798; x_wconf 88' lang='lat' dir='ltr'>S.</span> <span class='ocrx_word' id='word_1_271' title='bbox 1782 1758 1986 1797; x_wconf 89' lang='lat' dir='ltr'>Bernardo</span> <span class='ocrx_word' id='word_1_272' title='bbox 2024 1757 2061 1793; x_wconf 92' lang='lat' dir='ltr'>di</span> 
     </span>
     <span class='ocr_line' id='line_1_30' title="bbox 282 1822 2061 1875; baseline -0.001 -14"><span class='ocrx_word' id='word_1_273' title='bbox 282 1822 530 1862; x_wconf 77' lang='lat' dir='ltr'>Chiaravalle</span> <span class='ocrx_word' id='word_1_274' title='bbox 560 1836 582 1862; x_wconf 91' lang='lat' dir='ltr'>e</span> <span class='ocrx_word' id='word_1_275' title='bbox 611 1822 681 1872; x_wconf 89' lang='lat' dir='ltr'>per</span> <span class='ocrx_word' id='word_1_276' title='bbox 710 1826 852 1868; x_wconf 84' lang='lat' dir='ltr'>Dante,</span> <span class='ocrx_word' id='word_1_277' title='bbox 882 1828 904 1863; x_wconf 82' lang='lat' dir='ltr'>e</span> <span class='ocrx_word' id='word_1_278' title='bbox 934 1826 1140 1864; x_wconf 84' lang='lat' dir='ltr'>l’assioma</span> <span class='ocrx_word' id='word_1_279' title='bbox 1182 1828 1253 1865; x_wconf 92' lang='lat' dir='ltr'>che</span> <span class='ocrx_word' id='word_1_280' title='bbox 1297 1828 1387 1875; x_wconf 85' lang='lat' dir='ltr'>ogni</span> <span class='ocrx_word' id='word_1_281' title='bbox 1432 1830 1570 1874; x_wconf 89' lang='lat' dir='ltr'>potere</span> <span class='ocrx_word' id='word_1_282' title='bbox 1613 1827 1729 1864; x_wconf 88' lang='lat' dir='ltr'>viene</span> <span class='ocrx_word' id='word_1_283' title='bbox 1773 1826 1824 1862; x_wconf 90' lang='lat' dir='ltr'>da</span> <span class='ocrx_word' id='word_1_284' title='bbox 1853 1825 1956 1867; x_wconf 91' lang='lat' dir='ltr'>Dio;</span> <span class='ocrx_word' id='word_1_285' title='bbox 1999 1833 2061 1859; x_wconf 91' lang='lat' dir='ltr'>ma</span> 
     </span>
     <span class='ocr_line' id='line_1_31' title="bbox 283 1887 2060 1939; baseline -0.001 -14"><span class='ocrx_word' id='word_1_286' title='bbox 283 1887 477 1936; x_wconf 84' lang='lat' dir='ltr'>Agostino</span> <span class='ocrx_word' id='word_1_287' title='bbox 507 1891 727 1938; x_wconf 85' lang='lat' dir='ltr'>soggiunge</span> <span class='ocrx_word' id='word_1_288' title='bbox 757 1892 828 1928; x_wconf 89' lang='lat' dir='ltr'>che</span> <span class='ocrx_word' id='word_1_289' title='bbox 857 1892 880 1928; x_wconf 89' lang='lat' dir='ltr'>il</span> <span class='ocrx_word' id='word_1_290' title='bbox 910 1894 1049 1937; x_wconf 90' lang='lat' dir='ltr'>potere</span> <span class='ocrx_word' id='word_1_291' title='bbox 1088 1892 1150 1929; x_wconf 92' lang='lat' dir='ltr'>dei</span> <span class='ocrx_word' id='word_1_292' title='bbox 1189 1893 1347 1939; x_wconf 87' lang='lat' dir='ltr'>principi</span> <span class='ocrx_word' id='word_1_293' title='bbox 1378 1894 1400 1929; x_wconf 82' lang='lat' dir='ltr'>e</span> <span class='ocrx_word' id='word_1_294' title='bbox 1436 1904 1484 1929; x_wconf 88' lang='lat' dir='ltr'>un</span> <span class='ocrx_word' id='word_1_295' title='bbox 1525 1887 1780 1929; x_wconf 61' lang='lat' dir='ltr'>ministerium</span> <span class='ocrx_word' id='word_1_296' title='bbox 1819 1891 1855 1926; x_wconf 91' lang='lat' dir='ltr'>in</span> <span class='ocrx_word' id='word_1_297' title='bbox 1899 1889 2060 1935; x_wconf 84' lang='lat' dir='ltr'>delega-</span> 
     </span>
     <span class='ocr_line' id='line_1_32' title="bbox 283 1953 2061 2005; baseline 0 -15"><span class='ocrx_word' id='word_1_298' title='bbox 283 1953 408 1997; x_wconf 87' lang='lat' dir='ltr'>zione,</span> <span class='ocrx_word' id='word_1_299' title='bbox 438 1955 581 2000; x_wconf 80' lang='lat' dir='ltr'>perche</span> <span class='ocrx_word' id='word_1_300' title='bbox 601 1956 679 1993; x_wconf 85' lang='lat' dir='ltr'>essi</span> <span class='ocrx_word' id='word_1_301' title='bbox 701 1957 890 2003; x_wconf 85' lang='lat' dir='ltr'>agiscono</span> <span class='ocrx_word' id='word_1_302' title='bbox 921 1968 943 1994; x_wconf 93' lang='lat' dir='ltr'>e</span> <span class='ocrx_word' id='word_1_303' title='bbox 973 1957 1131 1994; x_wconf 91' lang='lat' dir='ltr'>devono</span> <span class='ocrx_word' id='word_1_304' title='bbox 1161 1958 1270 2005; x_wconf 88' lang='lat' dir='ltr'>agire</span> <span class='ocrx_word' id='word_1_305' title='bbox 1299 1958 1474 1995; x_wconf 89' lang='lat' dir='ltr'>secondo</span> <span class='ocrx_word' id='word_1_306' title='bbox 1494 1958 1546 2005; x_wconf 87' lang='lat' dir='ltr'>gli</span> <span class='ocrx_word' id='word_1_307' title='bbox 1569 1957 1692 1994; x_wconf 92' lang='lat' dir='ltr'>ordini</span> <span class='ocrx_word' id='word_1_308' title='bbox 1719 1956 1779 1993; x_wconf 91' lang='lat' dir='ltr'>del</span> <span class='ocrx_word' id='word_1_309' title='bbox 1811 1965 1938 2002; x_wconf 85' lang='lat' dir='ltr'>papa;</span> <span class='ocrx_word' id='word_1_310' title='bbox 1969 1965 1991 1990; x_wconf 91' lang='lat' dir='ltr'>e</span> <span class='ocrx_word' id='word_1_311' title='bbox 2012 1963 2061 1989; x_wconf 90' lang='lat' dir='ltr'>ne</span> 
     </span>
     <span class='ocr_line' id='line_1_33' title="bbox 281 2017 2061 2066; baseline -0.001 -11"><span class='ocrx_word' id='word_1_312' title='bbox 281 2017 461 2056; x_wconf 85' lang='lat' dir='ltr'>abbiamo</span> <span class='ocrx_word' id='word_1_313' title='bbox 490 2020 527 2056; x_wconf 89' lang='lat' dir='ltr'>la</span> <span class='ocrx_word' id='word_1_314' title='bbox 556 2031 680 2066; x_wconf 90' lang='lat' dir='ltr'>prova</span> <span class='ocrx_word' id='word_1_315' title='bbox 707 2021 854 2058; x_wconf 88' lang='lat' dir='ltr'>storica</span> <span class='ocrx_word' id='word_1_316' title='bbox 873 2022 935 2058; x_wconf 93' lang='lat' dir='ltr'>nel</span> <span class='ocrx_word' id='word_1_317' title='bbox 957 2021 1058 2059; x_wconf 80' lang='lat' dir='ltr'>fatto</span> <span class='ocrx_word' id='word_1_318' title='bbox 1088 2023 1159 2059; x_wconf 88' lang='lat' dir='ltr'>che</span> <span class='ocrx_word' id='word_1_319' title='bbox 1188 2022 1386 2059; x_wconf 79' lang='lat' dir='ltr'>l’autorita</span> <span class='ocrx_word' id='word_1_320' title='bbox 1408 2023 1470 2059; x_wconf 91' lang='lat' dir='ltr'>dei</span> <span class='ocrx_word' id='word_1_321' title='bbox 1491 2024 1594 2059; x_wconf 85' lang='lat' dir='ltr'>sette</span> <span class='ocrx_word' id='word_1_322' title='bbox 1626 2021 1789 2058; x_wconf 86' lang='lat' dir='ltr'>Elettori</span> <span class='ocrx_word' id='word_1_323' title='bbox 1819 2019 1995 2057; x_wconf 83' lang='lat' dir='ltr'>tedeschi</span> <span class='ocrx_word' id='word_1_324' title='bbox 2020 2017 2061 2054; x_wconf 78' lang='lat' dir='ltr'>fu</span> 
     </span>
     <span class='ocr_line' id='line_1_34' title="bbox 283 2084 2064 2134; baseline 0.001 -15"><span class='ocrx_word' id='word_1_325' title='bbox 283 2087 456 2128; x_wconf 86' lang='lat' dir='ltr'>appunto</span> <span class='ocrx_word' id='word_1_326' title='bbox 471 2084 657 2132; x_wconf 86' lang='lat' dir='ltr'>delegata</span> <span class='ocrx_word' id='word_1_327' title='bbox 676 2085 738 2122; x_wconf 90' lang='lat' dir='ltr'>dal</span> <span class='ocrx_word' id='word_1_328' title='bbox 760 2096 874 2132; x_wconf 90' lang='lat' dir='ltr'>papa.</span> <span class='ocrx_word' id='word_1_329' title='bbox 911 2102 929 2119; x_wconf 80' lang='lat'>«</span> <span class='ocrx_word' id='word_1_330' title='bbox 945 2086 1191 2134; x_wconf 77' lang='lat' dir='ltr'>GregorioV</span> <span class='ocrx_word' id='word_1_331' title='bbox 1212 2088 1247 2124; x_wconf 89' lang='lat' dir='ltr'>al</span> <span class='ocrx_word' id='word_1_332' title='bbox 1269 2090 1400 2133; x_wconf 85' lang='lat' dir='ltr'>tempo</span> <span class='ocrx_word' id='word_1_333' title='bbox 1431 2087 1766 2132; x_wconf 89' lang='lat' dir='ltr'>dell&#39;lmperatore</span> <span class='ocrx_word' id='word_1_334' title='bbox 1789 2085 1952 2125; x_wconf 88' lang='lat' dir='ltr'>Ottone‚</span> <span class='ocrx_word' id='word_1_335' title='bbox 1974 2094 2064 2120; x_wconf 92' lang='lat' dir='ltr'>con-</span> 
     </span>
     <span class='ocr_line' id='line_1_35' title="bbox 282 2147 2061 2196; baseline 0.001 -13"><span class='ocrx_word' id='word_1_336' title='bbox 282 2148 411 2184; x_wconf 90' lang='lat' dir='ltr'>vocati</span> <span class='ocrx_word' id='word_1_337' title='bbox 440 2159 462 2185; x_wconf 94' lang='lat' dir='ltr'>e</span> <span class='ocrx_word' id='word_1_338' title='bbox 492 2149 720 2196; x_wconf 87' lang='lat' dir='ltr'>interrogati</span> <span class='ocrx_word' id='word_1_339' title='bbox 751 2151 760 2186; x_wconf 91' lang='lat' dir='ltr'>i</span> <span class='ocrx_word' id='word_1_340' title='bbox 791 2151 950 2196; x_wconf 89' lang='lat' dir='ltr'>principi</span> <span class='ocrx_word' id='word_1_341' title='bbox 981 2150 1083 2188; x_wconf 88' lang='lat' dir='ltr'>della</span> <span class='ocrx_word' id='word_1_342' title='bbox 1114 2151 1336 2193; x_wconf 84' lang='lat' dir='ltr'>Germania,</span> <span class='ocrx_word' id='word_1_343' title='bbox 1368 2153 1487 2188; x_wconf 83' lang='lat' dir='ltr'>istitui</span> <span class='ocrx_word' id='word_1_344' title='bbox 1518 2153 1528 2188; x_wconf 93' lang='lat' dir='ltr'>i</span> <span class='ocrx_word' id='word_1_345' title='bbox 1558 2154 1661 2188; x_wconf 88' lang='lat' dir='ltr'>sette</span> <span class='ocrx_word' id='word_1_346' title='bbox 1692 2151 1870 2192; x_wconf 87' lang='lat' dir='ltr'>Elettori,</span> <span class='ocrx_word' id='word_1_347' title='bbox 1901 2147 2061 2186; x_wconf 76' lang='lat' dir='ltr'>ufficiali</span> 
     </span>
     <span class='ocr_line' id='line_1_36' title="bbox 282 2210 2062 2260; baseline 0.001 -13"><span class='ocrx_word' id='word_1_348' title='bbox 282 2210 385 2248; x_wconf 89' lang='lat' dir='ltr'>della</span> <span class='ocrx_word' id='word_1_349' title='bbox 413 2215 544 2249; x_wconf 86' lang='lat' dir='ltr'>stessa</span> <span class='ocrx_word' id='word_1_350' title='bbox 587 2214 692 2250; x_wconf 88' lang='lat' dir='ltr'>curia</span> <span class='ocrx_word' id='word_1_351' title='bbox 722 2215 919 2260; x_wconf 83' lang='lat' dir='ltr'>imperiale</span> <span class='ocrx_word' id='word_1_352' title='bbox 948 2230 984 2251; x_wconf 86' lang='lat'>›&gt;.</span> <span class='ocrx_word' id='word_1_353' title='bbox 1016 2215 1172 2252; x_wconf 48' lang='lat' dir='ltr'>Perche*</span> <span class='ocrx_word' id='word_1_354' title='bbox 1194 2216 1369 2253; x_wconf 88' lang='lat' dir='ltr'>tedeschi</span> <span class='ocrx_word' id='word_1_355' title='bbox 1390 2217 1409 2252; x_wconf 71' lang='grc' dir='ltr'><em>Ρ</em></span> <span class='ocrx_word' id='word_1_356' title='bbox 1451 2217 1600 2253; x_wconf 82' lang='lat' dir='ltr'>Perche</span> <span class='ocrx_word' id='word_1_357' title='bbox 1631 2227 1752 2253; x_wconf 92' lang='lat' dir='ltr'>erano</span> <span class='ocrx_word' id='word_1_358' title='bbox 1783 2216 1819 2251; x_wconf 90' lang='lat' dir='ltr'>di</span> <span class='ocrx_word' id='word_1_359' title='bbox 1851 2214 2062 2251; x_wconf 86' lang='lat' dir='ltr'>Germania</span> 
     </span>
     <span class='ocr_line' id='line_1_37' title="bbox 282 2275 2061 2332; baseline 0.001 -20"><span class='ocrx_word' id='word_1_360' title='bbox 282 2275 292 2312; x_wconf 88' lang='lat' dir='ltr'>i</span> <span class='ocrx_word' id='word_1_361' title='bbox 322 2275 519 2332; x_wconf 80' lang='lat' dir='ltr'>liberatori</span> <span class='ocrx_word' id='word_1_362' title='bbox 549 2277 652 2315; x_wconf 87' lang='lat' dir='ltr'>della</span> <span class='ocrx_word' id='word_1_363' title='bbox 682 2277 828 2316; x_wconf 86' lang='lat' dir='ltr'>Chiesa</span> <span class='ocrx_word' id='word_1_364' title='bbox 870 2279 974 2316; x_wconf 88' lang='lat' dir='ltr'>dalla</span> <span class='ocrx_word' id='word_1_365' title='bbox 1017 2281 1207 2317; x_wconf 73' lang='lat' dir='ltr'>schiavitu</span> <span class='ocrx_word' id='word_1_366' title='bbox 1250 2280 1311 2318; x_wconf 88' lang='lat' dir='ltr'>dei</span> <span class='ocrx_word' id='word_1_367' title='bbox 1356 2281 1618 2328; x_wconf 86' lang='lat' dir='ltr'>Longobardi‚</span> <span class='ocrx_word' id='word_1_368' title='bbox 1662 2281 1804 2327; x_wconf 81' lang='lat' dir='ltr'>perche</span> <span class='ocrx_word' id='word_1_369' title='bbox 1835 2281 1844 2316; x_wconf 96' lang='lat' dir='ltr'>i</span> <span class='ocrx_word' id='word_1_370' title='bbox 1876 2279 2061 2316; x_wconf 86' lang='lat' dir='ltr'>Germani</span> 
     </span>
     <span class='ocr_line' id='line_1_38' title="bbox 282 2341 2062 2394; baseline 0.002 -18"><span class='ocrx_word' id='word_1_371' title='bbox 282 2350 403 2378; x_wconf 84' lang='lat' dir='ltr'>erano</span> <span class='ocrx_word' id='word_1_372' title='bbox 432 2341 566 2379; x_wconf 88' lang='lat' dir='ltr'>devoti</span> <span class='ocrx_word' id='word_1_373' title='bbox 595 2343 671 2380; x_wconf 91' lang='lat' dir='ltr'>alla</span> <span class='ocrx_word' id='word_1_374' title='bbox 701 2342 897 2386; x_wconf 88' lang='lat' dir='ltr'>Chiesa‚e</span> <span class='ocrx_word' id='word_1_375' title='bbox 928 2345 1070 2390; x_wconf 80' lang='lat' dir='ltr'>perche</span> <span class='ocrx_word' id='word_1_376' title='bbox 1100 2345 1218 2382; x_wconf 78' lang='lat' dir='ltr'>infine</span> <span class='ocrx_word' id='word_1_377' title='bbox 1250 2345 1496 2394; x_wconf 87' lang='lat' dir='ltr'>GregorioV</span> <span class='ocrx_word' id='word_1_378' title='bbox 1526 2357 1594 2383; x_wconf 90' lang='lat' dir='ltr'>era</span> <span class='ocrx_word' id='word_1_379' title='bbox 1623 2346 1659 2382; x_wconf 93' lang='lat' dir='ltr'>di</span> <span class='ocrx_word' id='word_1_380' title='bbox 1691 2345 1901 2383; x_wconf 89' lang='lat' dir='ltr'>Germania</span> <span class='ocrx_word' id='word_1_381' title='bbox 1931 2355 1952 2381; x_wconf 90' lang='lat' dir='ltr'>e</span> <span class='ocrx_word' id='word_1_382' title='bbox 1974 2355 2062 2380; x_wconf 91' lang='lat' dir='ltr'>con-</span> 
     </span>
     <span class='ocr_line' id='line_1_39' title="bbox 282 2406 760 2453; baseline 0.006 -11"><span class='ocrx_word' id='word_1_383' title='bbox 282 2406 499 2453; x_wconf 86' lang='lat' dir='ltr'>sanguineo</span> <span class='ocrx_word' id='word_1_384' title='bbox 529 2407 565 2443; x_wconf 91' lang='lat' dir='ltr'>di</span> <span class='ocrx_word' id='word_1_385' title='bbox 597 2406 760 2445; x_wconf 78' lang='lat' dir='ltr'>Ottone‚</span> 
     </span>
    </p>

    <p class='ocr_par' dir='ltr' id='par_1_12' title="bbox 282 2469 2063 2716">
     <span class='ocr_line' id='line_1_40' title="bbox 388 2469 2060 2522; baseline 0.001 -15"><span class='ocrx_word' id='word_1_386' title='bbox 388 2469 412 2506; x_wconf 87' lang='lat'>11</span> <span class='ocrx_word' id='word_1_387' title='bbox 442 2473 579 2517; x_wconf 89' lang='lat' dir='ltr'>potere</span> <span class='ocrx_word' id='word_1_388' title='bbox 609 2473 749 2518; x_wconf 88' lang='lat' dir='ltr'>papale</span> <span class='ocrx_word' id='word_1_389' title='bbox 780 2475 802 2510; x_wconf 81' lang='lat' dir='ltr'>e</span> <span class='ocrx_word' id='word_1_390' title='bbox 832 2473 855 2510; x_wconf 93' lang='lat' dir='ltr'>l‘</span> <span class='ocrx_word' id='word_1_391' title='bbox 872 2475 986 2517; x_wconf 88' lang='lat' dir='ltr'>unico</span> <span class='ocrx_word' id='word_1_392' title='bbox 1030 2475 1065 2512; x_wconf 91' lang='lat' dir='ltr'>in</span> <span class='ocrx_word' id='word_1_393' title='bbox 1110 2477 1209 2512; x_wconf 88' lang='lat' dir='ltr'>tutte</span> <span class='ocrx_word' id='word_1_394' title='bbox 1254 2477 1289 2512; x_wconf 84' lang='lat' dir='ltr'>le</span> <span class='ocrx_word' id='word_1_395' title='bbox 1333 2487 1427 2513; x_wconf 90' lang='lat' dir='ltr'>cose</span> <span class='ocrx_word' id='word_1_396' title='bbox 1471 2476 1674 2522; x_wconf 88' lang='lat' dir='ltr'>temporali</span> <span class='ocrx_word' id='word_1_397' title='bbox 1705 2487 1727 2512; x_wconf 91' lang='lat' dir='ltr'>e</span> <span class='ocrx_word' id='word_1_398' title='bbox 1758 2475 1945 2521; x_wconf 86' lang='lat' dir='ltr'>spirituali</span> <span class='ocrx_word' id='word_1_399' title='bbox 1990 2474 2060 2510; x_wconf 89' lang='lat' dir='ltr'>che</span> 
     </span>
     <span class='ocr_line' id='line_1_41' title="bbox 282 2533 2061 2588; baseline 0.002 -17"><span class='ocrx_word' id='word_1_400' title='bbox 282 2533 450 2580; x_wconf 89' lang='lat' dir='ltr'>dipenda</span> <span class='ocrx_word' id='word_1_401' title='bbox 478 2535 751 2575; x_wconf 89' lang='lat' dir='ltr'>direttamente</span> <span class='ocrx_word' id='word_1_402' title='bbox 781 2538 831 2575; x_wconf 86' lang='lat' dir='ltr'>da</span> <span class='ocrx_word' id='word_1_403' title='bbox 861 2538 937 2576; x_wconf 93' lang='lat' dir='ltr'>Dio</span> <span class='ocrx_word' id='word_1_404' title='bbox 966 2538 1180 2586; x_wconf 84' lang='lat' dir='ltr'>(Quaestio</span> <span class='ocrx_word' id='word_1_405' title='bbox 1210 2540 1232 2582; x_wconf 91' lang='lat'>1,</span> <span class='ocrx_word' id='word_1_406' title='bbox 1250 2544 1322 2578; x_wconf 91' lang='lat' dir='ltr'>art.</span> <span class='ocrx_word' id='word_1_407' title='bbox 1356 2542 1415 2588; x_wconf 91' lang='lat'>1);</span> <span class='ocrx_word' id='word_1_408' title='bbox 1446 2542 1468 2578; x_wconf 93' lang='lat' dir='ltr'>il</span> <span class='ocrx_word' id='word_1_409' title='bbox 1491 2552 1593 2587; x_wconf 89' lang='lat' dir='ltr'>papa</span> <span class='ocrx_word' id='word_1_410' title='bbox 1614 2543 1635 2578; x_wconf 80' lang='lat' dir='ltr'>e</span> <span class='ocrx_word' id='word_1_411' title='bbox 1657 2542 1679 2577; x_wconf 91' lang='lat' dir='ltr'>il</span> <span class='ocrx_word' id='word_1_412' title='bbox 1700 2541 1847 2577; x_wconf 90' lang='lat' dir='ltr'>vicario</span> <span class='ocrx_word' id='word_1_413' title='bbox 1869 2540 1904 2575; x_wconf 91' lang='lat' dir='ltr'>di</span> <span class='ocrx_word' id='word_1_414' title='bbox 1928 2538 2061 2575; x_wconf 86' lang='lat' dir='ltr'>Cristo</span> 
     </span>
     <span class='ocr_line' id='line_1_42' title="bbox 283 2599 2062 2653; baseline 0.002 -18"><span class='ocrx_word' id='word_1_415' title='bbox 283 2599 404 2636; x_wconf 88' lang='lat' dir='ltr'>anche</span> <span class='ocrx_word' id='word_1_416' title='bbox 445 2610 516 2645; x_wconf 87' lang='lat' dir='ltr'>per</span> <span class='ocrx_word' id='word_1_417' title='bbox 544 2601 582 2638; x_wconf 91' lang='grc'>13</span> <span class='ocrx_word' id='word_1_418' title='bbox 624 2604 782 2647; x_wconf 77' lang='lat' dir='ltr'>potesta</span> <span class='ocrx_word' id='word_1_419' title='bbox 825 2606 994 2647; x_wconf 87' lang='lat' dir='ltr'>terrena,</span> <span class='ocrx_word' id='word_1_420' title='bbox 1037 2605 1200 2651; x_wconf 82' lang='lat' dir='ltr'>giacche</span> <span class='ocrx_word' id='word_1_421' title='bbox 1244 2605 1378 2643; x_wconf 87' lang='lat' dir='ltr'>Cristo</span> <span class='ocrx_word' id='word_1_422' title='bbox 1409 2608 1430 2643; x_wconf 80' lang='lat' dir='ltr'>e</span> <span class='ocrx_word' id='word_1_423' title='bbox 1460 2605 1630 2653; x_wconf 86' lang='lat' dir='ltr'>Signore</span> <span class='ocrx_word' id='word_1_424' title='bbox 1674 2605 1711 2642; x_wconf 88' lang='lat' dir='ltr'>di</span> <span class='ocrx_word' id='word_1_425' title='bbox 1755 2608 1854 2642; x_wconf 87' lang='lat' dir='ltr'>tutte</span> <span class='ocrx_word' id='word_1_426' title='bbox 1888 2605 1923 2640; x_wconf 93' lang='lat' dir='ltr'>le</span> <span class='ocrx_word' id='word_1_427' title='bbox 1954 2614 2062 2645; x_wconf 89' lang='lat' dir='ltr'>cose,</span> 
     </span>
     <span class='ocr_line' id='line_1_43' title="bbox 282 2663 2063 2716; baseline 0.002 -17"><span class='ocrx_word' id='word_1_428' title='bbox 282 2666 431 2700; x_wconf 86' lang='lat' dir='ltr'>mentre</span> <span class='ocrx_word' id='word_1_429' title='bbox 460 2663 735 2710; x_wconf 57' lang='lat' dir='ltr'>lllmperatore</span> <span class='ocrx_word' id='word_1_430' title='bbox 763 2668 889 2704; x_wconf 85' lang='lat' dir='ltr'>scelto</span> <span class='ocrx_word' id='word_1_431' title='bbox 927 2668 1029 2706; x_wconf 89' lang='lat' dir='ltr'>deve</span> <span class='ocrx_word' id='word_1_432' title='bbox 1072 2680 1209 2706; x_wconf 85' lang='lat' dir='ltr'>essere</span> <span class='ocrx_word' id='word_1_433' title='bbox 1252 2670 1495 2707; x_wconf 79' lang='lat' dir='ltr'>confermato</span> <span class='ocrx_word' id='word_1_434' title='bbox 1539 2671 1601 2706; x_wconf 89' lang='lat' dir='ltr'>dal</span> <span class='ocrx_word' id='word_1_435' title='bbox 1632 2681 1745 2716; x_wconf 85' lang='lat' dir='ltr'>papa,</span> <span class='ocrx_word' id='word_1_436' title='bbox 1777 2680 1799 2705; x_wconf 89' lang='lat' dir='ltr'>a</span> <span class='ocrx_word' id='word_1_437' title='bbox 1828 2669 1888 2705; x_wconf 89' lang='lat' dir='ltr'>cui</span> <span class='ocrx_word' id='word_1_438' title='bbox 1918 2670 2063 2714; x_wconf 86' lang='lat' dir='ltr'>spetta,</span> 
     </span>
    </p>
   </div>
   <div class='ocr_carea' id='block_1_11' title="bbox 282 2728 2062 2841">
    <p class='ocr_par' dir='ltr' id='par_1_13' title="bbox 282 2728 2062 2841">
     <span class='ocr_line' id='line_1_44' title="bbox 282 2728 2062 2780; baseline 0.003 -17"><span class='ocrx_word' id='word_1_439' title='bbox 282 2738 392 2764; x_wconf 89' lang='lat' dir='ltr'>come</span> <span class='ocrx_word' id='word_1_440' title='bbox 434 2728 678 2767; x_wconf 86' lang='lat' dir='ltr'>dominatore</span> <span class='ocrx_word' id='word_1_441' title='bbox 722 2731 785 2776; x_wconf 75' lang='lat' dir='ltr'>piu</span> <span class='ocrx_word' id='word_1_442' title='bbox 828 2732 922 2774; x_wconf 91' lang='lat' dir='ltr'>alto,</span> <span class='ocrx_word' id='word_1_443' title='bbox 954 2734 990 2769; x_wconf 89' lang='lat' dir='ltr'>la</span> <span class='ocrx_word' id='word_1_444' title='bbox 1032 2734 1308 2780; x_wconf 86' lang='lat' dir='ltr'>giurisdizione</span> <span class='ocrx_word' id='word_1_445' title='bbox 1339 2734 1591 2780; x_wconf 82' lang='lat' dir='ltr'>sull&#39;lmpero</span> <span class='ocrx_word' id='word_1_446' title='bbox 1622 2734 1845 2771; x_wconf 87' lang='lat' dir='ltr'>universale</span> <span class='ocrx_word' id='word_1_447' title='bbox 1876 2731 2062 2779; x_wconf 86' lang='lat' dir='ltr'>(Quaest.</span> 
     </span>
     <span class='ocr_line' id='line_1_45' title="bbox 283 2790 757 2841; baseline 0.004 -12"><span class='ocrx_word' id='word_1_448' title='bbox 283 2790 480 2834; x_wconf 83' lang='lat' dir='ltr'>xxxvnl,</span> <span class='ocrx_word' id='word_1_449' title='bbox 511 2795 582 2830; x_wconf 86' lang='lat' dir='ltr'>art.</span> <span class='ocrx_word' id='word_1_450' title='bbox 617 2795 655 2841; x_wconf 88' lang='lat'>1)</span> <span class='ocrx_word' id='word_1_451' title='bbox 684 2796 757 2841; x_wconf 91' lang='lat'>(1).</span> 
     </span>
    </p>
   </div>
   <div class='ocr_carea' id='block_1_12' title="bbox 285 2974 2064 3086">
    <p class='ocr_par' dir='ltr' id='par_1_14' title="bbox 285 2974 2064 3086">
     <span class='ocr_line' id='line_1_46' title="bbox 378 2974 2064 3027; baseline 0.003 -15"><span class='ocrx_word' id='word_1_452' title='bbox 378 2978 430 3022; x_wconf 83' lang='lat'>(1)</span> <span class='ocrx_word' id='word_1_453' title='bbox 455 2980 620 3015; x_wconf 71' lang='lat' dir='ltr'>Potestas</span> <span class='ocrx_word' id='word_1_454' title='bbox 645 2984 860 3024; x_wconf 67' lang='lat' dir='ltr'>temporalis</span> <span class='ocrx_word' id='word_1_455' title='bbox 886 2995 965 3025; x_wconf 60' lang='lat' dir='ltr'>noir</span> <span class='ocrx_word' id='word_1_456' title='bbox 984 2988 1039 3018; x_wconf 78' lang='lat' dir='ltr'>est</span> <span class='ocrx_word' id='word_1_457' title='bbox 1066 2986 1278 3019; x_wconf 71' lang='lat' dir='ltr'>immediata</span> <span class='ocrx_word' id='word_1_458' title='bbox 1304 2997 1325 3019; x_wconf 74' lang='grc' dir='ltr'>ει</span> <span class='ocrx_word' id='word_1_459' title='bbox 1354 2974 1433 3024; x_wconf 67' lang='lat' dir='ltr'>bio,</span> <span class='ocrx_word' id='word_1_460' title='bbox 1461 2987 1521 3018; x_wconf 69' lang='lat' dir='ltr'>sed</span> <span class='ocrx_word' id='word_1_461' title='bbox 1542 2987 1577 3019; x_wconf 84' lang='lat' dir='ltr'>iu</span> <span class='ocrx_word' id='word_1_462' title='bbox 1599 2987 1846 3018; x_wconf 66' lang='lat' dir='ltr'>ministerium</span> <span class='ocrx_word' id='word_1_463' title='bbox 1867 2987 2064 3027; x_wconf 61' lang='lat' dir='ltr'>potestatis</span> 
     </span>
     <span class='ocr_line' id='line_1_47' title="bbox 285 3035 1914 3086; baseline 0.006 -19"><span class='ocrx_word' id='word_1_464' title='bbox 285 3035 492 3076; x_wconf 72' lang='lat' dir='ltr'>spiritualis</span> <span class='ocrx_word' id='word_1_465' title='bbox 517 3042 572 3072; x_wconf 75' lang='lat' dir='ltr'>est</span> <span class='ocrx_word' id='word_1_466' title='bbox 598 3041 697 3076; x_wconf 73' lang='lat' dir='ltr'>data.</span> <span class='ocrx_word' id='word_1_467' title='bbox 725 3044 880 3083; x_wconf 79' lang='lat' dir='ltr'>(quaest.</span> <span class='ocrx_word' id='word_1_468' title='bbox 913 3044 938 3084; x_wconf 90' lang='lat'>1,</span> <span class='ocrx_word' id='word_1_469' title='bbox 965 3054 986 3076; x_wconf 79' lang='lat' dir='ltr'>a</span> <span class='ocrx_word' id='word_1_470' title='bbox 1016 3047 1045 3084; x_wconf 87' lang='lat'>1,</span> <span class='ocrx_word' id='word_1_471' title='bbox 1074 3045 1170 3079; x_wconf 81' lang='lat' dir='ltr'>Dist.</span> <span class='ocrx_word' id='word_1_472' title='bbox 1202 3046 1268 3083; x_wconf 87' lang='lat'>111,</span> <span class='ocrx_word' id='word_1_473' title='bbox 1295 3046 1344 3084; x_wconf 74' lang='lat'>8).</span> <span class='ocrx_word' id='word_1_474' title='bbox 1376 3046 1505 3085; x_wconf 63' lang='lat' dir='ltr'>Kraum,</span> <span class='ocrx_word' id='word_1_475' title='bbox 1532 3055 1566 3078; x_wconf 88' lang='lat' dir='ltr'>o.</span> <span class='ocrx_word' id='word_1_476' title='bbox 1593 3056 1624 3078; x_wconf 79' lang='lat' dir='ltr'>o.</span> <span class='ocrx_word' id='word_1_477' title='bbox 1651 3055 1687 3085; x_wconf 78' lang='lat' dir='ltr'>p.</span> <span class='ocrx_word' id='word_1_478' title='bbox 1719 3045 1786 3077; x_wconf 83' lang='lat'>757</span> <span class='ocrx_word' id='word_1_479' title='bbox 1813 3055 1831 3076; x_wconf 84' lang='lat' dir='ltr'>e</span> <span class='ocrx_word' id='word_1_480' title='bbox 1859 3055 1914 3086; x_wconf 81' lang='lat' dir='ltr'>sg.</span> 
     </span>
    </p>
   </div>
  </div>
 </body>
</html>
