2248 3372
271 159 339 191 208
768 167 810 192 Π,
833 167 1036 194 TRATTATO
1061 153 1200 193 DELLA*
1217 167 1454 197 MONARCHIA

266 331 355 368 xm.
368 332 459 379 (xn)
475 330 622 369 Positis
632 333 673 368 et
683 331 852 369 exclusis
863 331 1073 375 erroribus,

155 414 159 417 “
203 414 360 460 -quibus
398 415 600 460 potissime
642 415 853 452 innituntur
895 415 957 460 qui
996 415 1074 452 Ro-

221 491 322 527 mani
351 491 594 538 Principatus
623 493 894 530 auctoritatem
929 493 1074 538 depen-

221 568 316 606 dere
345 569 477 606 dicunt
505 580 529 606 a
557 569 735 607 Romano
774 569 978 613 Pontffice,
1013 581 1074 607 re-

221 645 416 682 deundum
447 649 509 683 est
538 647 587 683 ad
617 647 901 684 ostendendum
931 648 1073 685 verita-

220 719 298 769 tem
328 717 440 754 huius
459 697 609 772 ⁴tertiae
639 719 894 764 quaestionis,
920 729 1020 765 quae
1051 730 1074 756 a

222 800 410 846 principio
434 837 437 839 ,
466 800 710 837 discutienda
759 803 1071 846 proponebatur:

219 887 320 922 quae
350 877 502 923 quidem
532 876 680 915 veritas
722 879 926 924 apparebit
968 878 1074 916 suffi-

223 960 384 1003 cienter,
413 960 445 996 si
472 955 555 999 'suh
577 960 753 1006 praefixo
794 962 980 1007 principio
1018 963 1072 999 in-

218 1036 419 1083 quirendo,
450 1037 666 1083 praefatam
696 1039 968 1076 auctoritatem
1011 1039 1074 1076 im-

222 1114 391 1151 mediate
435 1114 659 1161 dependere
699 1127 722 1152 a
760 1117 922 1153 culmine
951 1118 1072 1155 totius

219 1191 320 1227 entis
349 1192 577 1243 ostendero,
607 1194 670 1239 qui
699 1193 810 1230 Deus
839 1196 912 1231 est.
930 1194 978 1231 Et
997 1195 1071 1232 hoc

219 1268 291 1304 erit
334 1271 547 1311 ostensum,
576 1270 639 1306 vel
683 1271 715 1307 si
759 1272 974 1309 auctoritas
1004 1273 1073 1310 Ec-

157 1362 169 1364 “’
223 1351 369 1389 clesiae
397 1355 646 1389 removeatur
684 1354 733 1390 ab
771 1354 847 1397 illa,
877 1365 990 1400 quum
1021 1356 1070 1393 de

225 1431 301 1468 alia
329 1441 406 1468 non
445 1432 495 1468 sit
532 1432 747 1475 altercatio,
778 1433 840 1469 vel
872 1433 904 1469 si
942 1436 1071 1470 osten-

216 1514 303 1551 sive
332 1516 530 1560 probetur,
562 1526 584 1552 a
622 1516 712 1553 Deo
754 1516 973 1557 immediate
1007 1516 1071 1553 de-

215 1592 404 1637 pendere.
437 1591 555 1637 Quod
585 1594 714 1629 autem
745 1594 959 1631 auctoritas
1003 1594 1070 1632 Ec-

215 1663 361 1700 clesiae
390 1673 467 1700 non
497 1664 548 1700 sit
567 1675 687 1701 causa
708 1665 915 1711 imperialis
933 1668 1068 1702 aucto-

214 1741 351 1783 ritatis,
396 1742 583 1787 probatur
625 1743 705 1780 sic:
735 1742 840 1786 Illud,
870 1755 947 1789 quo
989 1754 1066 1781 non

215 1818 423 1861 existente,
440 1821 507 1855 aut
527 1830 603 1865 quo
633 1830 709 1856 non
740 1820 947 1863 virtuante,
965 1821 1067 1858 aliud

198 1900 332 1937 'habet
359 1903 489 1938 totam<
510 1912 620 1939 suam
648 1903 841 1946 virtutem,
885 1914 962 1940 non
1006 1906 1068 1940 est

215 1989 335 2015 causa
363 1979 464 2016 illius
492 1980 665 2024 virtutis;
693 1980 765 2017 sed
791 1981 968 2018 Ecclesia
987 1991 1065 2018 non

1196 333 1285 371 xm.
1316 335 1412 382 (χιι)
1441 333 1613 373 Additati
1638 335 1688 373 ed
1708 337 1890 375 eliminati
1909 348 2000 385 que-
2033 306 2054 389 ιῘ
2109 333 2113 339 ’

1148 405 1197 441 sti
1226 406 1362 448 errori,
1393 406 1428 442 ai
1457 407 1561 452 quali
1589 407 1622 444 si
1659 407 1882 455 appigliano
1901 419 1999 455 «spe-

1153 476 1356 513 cialmente
1387 478 1503 522 quelli
1533 478 1604 515 che
1636 479 1824 526 vogliono
1852 479 2001 518 l’auto-

1151 547 1225 584 rita
1271 547 1333 584 del
1382 549 1597 595 principato
1645 549 1880 596 dipendente
1934 550 1998 589 dal

1148 629 1298 655 sommo
1326 618 1545 668 Eontefice,
1575 620 1783 658 dobbiamo
1807 621 1998 674 ritornare

1127 688 1199 726 *da
1228 699 1328 735 capo
1367 700 1437 735 per
1474 690 1704 746 dimostrare
1733 692 1771 728 la
1806 680 1932 729 verita
1960 692 1998 730 di

1149 763 1289 806 questa
1317 763 1425 798 terza
1463 745 1681 807 questione,
1711 765 1900 808 preposta
1928 773 1998 809 per

1148 832 1185 868 la
1213 831 1457 869 discussione
1475 832 1529 869 tin
1550 833 1600 869 da
1620 833 1818 879 principio.
1843 833 1998 879 Questa

1146 896 1272 939 verita
1299 903 1334 939 si
1361 903 1527 940 rendera
1573 904 1814 941 abbastanza
1854 905 1996 949 chiara,

1149 986 1193 1012 se
1221 977 1329 1012 sotto
1359 975 1382 1011 il
1412 975 1598 1020 principio
1627 964 1870 1021 prestabilito
1899 977 1996 1013 avro

1149 1048 1340 1083 mostrato
1355 1031 1480 1082 >come
1528 1046 1581 1082 la·
1619 1037 1800 1091 predetta
1828 1047 1997 1085 auton-ita

1147 1117 1315 1162 dipende
1354 1109 1417 1154 dal
1461 1118 1612 1154 sommo
1648 1117 1686 1172 di
1729 1118 1831 1154 tutto
1860 1116 1996 1170 ¹l'Ente

1146 1194 1218 1230 che
1248 1195 1270 1229 ὲ
1299 1194 1388 1230 Dio.
1420 1194 1510 1232 Esi
1542 1187 1691 1230 otterra
1719 1194 1757 1231 la
1797 1193 1998 1231 dimostra-
2027 1230 2032 1236 ,

1145 1265 1257 1302 zione
1301 1275 1325 1301 o
1368 1265 1600 1302 eliminando
1643 1264 1666 1301 l’
1683 1265 1852 1302 autorita
1893 1264 1996 1302 della

1146 1335 1306 1378 Chiesa,
1332 1336 1471 1382 poiche
1490 1346 1567 1372 non
1596 1346 1696 1373 sono
1725 1336 1768 1372 in·
1790 1335 1996 1382 questione

1145 1407 1245 1443 altre
1277 1407 1457 1450 autorita‚
1474 1418 1499 1444 o
1514 1407 1718 1453 provando
1733 1407 1770 1444 in
1786 1407 1903 1444 modo
1919 1407 1996 1444 evi-

1144 1477 1271 1514 dende
1283 1489 1305 1514 e
1321 1477 1464 1515 diretto
1481 1477 1538 1515 ch’
1555 1489 1647 1515 essa
1675 1467 1842 1524 dipende
1870 1478 1996 1515 imme·

1143 1549 1379 1586 diatamente
1395 1549 1446 1586 da
1460 1549 1549 1586 Dio.
1580 1548 1664 1586 Che
1680 1548 1876 1586 l’autorita
1891 1549 1995 1587 della

1145 1627 1296 1664 Chiesa
1332 1636 1410 1663 non
1453 1627 1513 1663 sia
1554 1631 1674 1679 causa
1715 1625 1804 1663 dell’
1825 1625 2012 1670 autc-rita„

1146 1697 1400 1743 dell'lmpero
1429 1698 1461 1734 si
1495 1707 1619 1743 prova
1647 1698 1755 1734 cosi:
1783 1696 1872 1734 Non
1915 1698 1993 1743 pub

1143 1779 1279 1806 essere
1309 1779 1429 1806 causa
1457 1768 1561 1805 della
1588 1769 1690 1806 virtu
1727 1767 1763 1804 d’
1779 1778 1856 1805 una
1897 1777 1994 1810 cosa

1143 1840 1274 1885 quello
1302 1849 1424 1876 senza
1451 1839 1488 1876 la
1517 1839 1576 1876 cui
1606 1839 1803 1877 esistenza
1840 1849 1862 1876 e
1890 1839 1992 1876 virtu

1141 1910 1179 1946 la
1207 1921 1303 1947 cosa
1330 1906 1463 1947 stessa
1492 1909 1678 1955 possiede
1706 1911 1808 1946 tutta
1845 1909 1882 1946 la
1917 1919 1991 1946 sua

1143 1981 1269 2018 virtu:
1313 1980 1500 2027 l‘lmpero
1543 1981 1642 2018 ebbe
1689 1966 1727 2017 la
1772 1991 1844 2017 sua
1889 1970 1990 2017 virtu

1910 2088 1932 2096 f

195 2240 198 2241 γ
308 2193 378 2226 ΧΙΙΙ
406 2193 511 2237 (xll).
538 2194 754 2226 Sbarazzato
779 2196 856 2226 cosi
882 2195 910 2226 il
937 2197 1092 2234 terreno,
1105 2188 1355 2227 abbattute'ad
1373 2186 1508 2226 una-ad
1524 2203 1597 2226 uua
1609 2196 1707 2226 tutte
1720 2194 1755 2225 18
1772 2193 1916 2235 ragioni
1930 2193 1990 2226 dei

213 2252 352 2284 fautori
378 2253 476 2284 della
502 2254 731 2293 supremazia
756 2254 899 2296 papale,
928 2263 1034 2294 passa
1059 2264 1081 2286 a
1105 2254 1322 2286 dimostrato
1348 2254 1415 2285 ohe
1440 2253 1630 2285 l’autorita
1655 2253 1846 2294 imperiale
1862 2253 1990 2285 deriva

213 2311 549 2344 immediatamente
574 2313 620 2344 da
646 2313 729 2344 Dio.

309 2380 392 2419 sed
413 2380 603 2418 Ecclesia
629 2391 711 2418 non
738 2381 988 2419 exl'sfem‘e...4
1013 2384 1045 2415 A
1070 2384 1242 2416 dirimere
1278 2383 1394 2416 anche
1429 2385 1560 2424 questa.
1596 2382 1691 2415 forte
1727 2382 1915 2414 obiezione
1950 2383 1987 2414 ai

213 2443 354 2485 papisti
379 2452 450 2474 non
479 2452 700 2474 mancarono
727 2444 933 2483 argomenti
959 2452 978 2474 8
1003 2443 1155 2476 sofismi.
1184 2442 1223 2474 si
1248 2443 1370 2476 disse:
1410 2442 1439 2474 il
1464 2444 1588 2483 potere
1614 2441 1838 2473 sacerdotale
1863 2440 1904 2472 fu
1928 2451 1989 2473 an-

212 2503 346 2534 teriore
372 2502 407 2534 al
433 2501 603 2542 politico;
629 2511 669 2533 ce
695 2502 731 2533 lo
759 2503 912 2544 insegna
938 2502 974 2534 la
999 2498 1114 2534 storia
1138 2501 1174 2533 d'
1188 2502 1324 2533 Israele
1348 2511 1368 2533 8
1393 2500 1516 2542 quella
1541 2500 1600 2532 dei
1625 2500 1793 2542 Romani,
1820 2508 1948 2540 presso
1972 2500 2001 2531 i<

214 2561 317 2602 quali
342 2561 379 2593 la
398 2563 556 2607 potenaa
581 2561 679 2592 della
705 2561 884 2601 religione
911 2561 952 2592 tu
977 2560 1127 2601 grande.
1167 2560 1200 2592 Il
1236 2560 1388 2601 periodo
1424 2560 1599 2601 giudaico
1639 2569 1659 2591 e
1683 2559 1808 2600 quello
1838 2568 1987 2592 romano

215 2631 287 2653 non
315 2630 403 2652 sono
428 2620 496 2652 che
524 2629 597 2652 una
622 2620 882 2660 preparazione
908 2619 944 2652 al
969 2619 1107 2652 trionfo
1132 2619 1192 2651 del
1220 2619 1370 2660 periodo
1395 2619 1595 2651 cristiano:
1641 2618 1727 2650 Oosi
1764 2618 1801 2650 la
1824 2627 2007 2659 pensa-va»

213 2680 395 2720 Agostino
420 2678 571 2710 Trionso
597 2677 781 2721 (XXXVI,
809 2677 870 2721 4):
899 2679 1034 2710 Verum
1059 2680 1115 2711 est
1156 2678 1415 2719 Imperatorem
1441 2678 1555 2710 fuisse
1593 2668 1678 2710 ante
1701 2674 1839 2718 Papam
1875 2686 1986 2718 quan-

212 2741 292 2771 tum
318 2739 364 2771 ad
388 2748 593 2780 personam,
621 2748 693 2770 non
718 2739 895 2779 qnantum
921 2738 967 2770 ad
993 2738 1154 2770 officium
1179 2739 1216 2770 et
1242 2737 1411 2778 figuram.
1438 2736 1622 2769 Successit
1651 2737 1749 2769 enim
1775 2733 1987 2777 papatuum

212 2798 458 2830 sacerdotium
485 2798 625 2829 Christi
652 2797 860 2829 sacerdotio
885 2797 1068 2839 Levitico,
1102 2798 1140 2829 et
1165 2796 1409 2828 sacerdotium
1434 2796 1642 2828 Leviticum
1668 2795 1845 2828 successit
1868 2803 1986 2826 sacer-

211 2857 313 2889 dot'm
338 2857 432 2897 legis
448 2859 613 2890 naturae.
630 2856 737 2888 Unde
757 2856 1021 2894 universaliter
1033 2856 1277 2888 sacerdotium
1302 2855 1377 2887 fuit
1402 2857 1486 2888 ante
1511 2850 1769 2895 Imperium....
1785 2863 1851 2886 nec
1863 2853 1984 2886 dictae

210 2917 413 2956 potestates
438 2917 524 2947 sunt
549 2916 728 2948 dIscretae
754 2917 790 2947 et
831 2915 1010 2955 diversae,
1051 2915 1138 2956 quia
1173 2924 1249 2946 una
1273 2924 1344 2946 non
1369 2914 1569 2963 reducatur
1591 2914 1631 2945 in
1656 2913 1767 2945 aliam
1780 2922 1794 2952 ,·
1827 2914 1983 2954 utraque
2034 2928 2038 2929 ⁷

211 2975 311 3006 enim
336 2974 527 3016 estaDeo,
556 2974 619 3006 sed
645 2974 860 3015 Apostolica
885 2976 922 3006 et
947 2973 1186 3011 sacerdotalis
1198 2973 1421 3013 immediate,
1447 2971 1655 3013 Imperialis
1681 2980 1767 3003 vero
1800 2971 1984 3004 mediante

206 3033 410 3073 apostolica
434 3035 471 3065 et
496 3033 727 3065 sacerdotali.
