2248 3372
325 146 390 179 144
425 174 430 179 .

276 318 414 355 Nonne
443 318 559 360 filios,
577 329 625 355 an
654 329 732 355 non
748 329 885 355 omnes
905 318 1004 355 alios
1019 319 1123 364 post-

275 377 479 424 ponendos
508 378 658 424 patriae
688 378 855 414 libertati
886 377 1030 414 Brutus
1058 378 1122 413 ille

275 437 418 482 primus
464 437 637 479 edocuit,
684 447 797 482 quem
844 437 975 473 Livius
1021 436 1122 476 dicit,

275 496 474 532 consulem
512 496 755 538 existentem,
798 497 978 542 proprios
1019 495 1124 532 filios

275 566 359 592 cum
397 555 575 592 hostibus
611 556 882 601 conspirantes
915 555 1026 592 morti
1056 555 1123 591 de-

275 613 411 651 disse?
441 613 563 660 Cujus
581 615 708 663 gloria
723 615 961 651 renovatur
951 625 988 651 m
1009 616 1123 651 sexto

276 673 426 733 Poetae
455 674 578 710 nostri
607 673 656 711 de
686 674 771 719 ipso
801 675 1001 711 canentis:

324 742 350 783 ,ᾗ
383 762 390 769 .
413 761 422 769 .
443 762 450 769 .
473 744 626 777 natosque
647 742 746 778 patei·
751 741 833 769 ῑῖὅυι
852 742 933 769 bella
955 745 1113 770 moventes

307 770 350 818 ‘K'
381 789 420 816 a'i
442 797 571 825 poenam
593 789 700 825 pulcra
719 798 775 825 pro
796 790 939 818 libertate
959 791 1093 818 vocabit.

277 844 381 890 Quid
410 856 486 882 non
517 845 734 883 audendum
763 857 834 892 pro
855 849 991 893 patria,
1012 848 1125 884 nobis
1162 841 1165 902 Ι

276 898 425 935 Mutius
454 899 660 945 persuasit,
681 906 794 945 quum
815 901 1008 938 incautum
1030 901 1125 938 Por-

276 968 410 994 senam
439 958 592 999 invasit,
635 968 748 1004 quum
791 959 932 997 deinde
975 970 1125 998 manum

276 1018 482 1060 errantem,
530 1027 606 1054 non
654 1019 731 1055 alio
778 1020 886 1056 vultu
933 1031 1046 1066 quam
1093 1020 1125 1056 si
1164 1021 1165 1035 ³

277 1076 428 1113 hostem
458 1078 618 1114 cruciari
648 1078 811 1122 videret,
842 1090 950 1116 suam
980 1080 1029 1116 ad
1053 1081 1126 1116 huc

277 1136 437 1172 cremari
449 1136 711 1182 adspiciebat'?
731 1137 848 1183 Quod
865 1139 979 1175 etiam
996 1139 1127 1176 Livius
1165 1169 1166 1172 ,

279 1194 489 1231 admiratur
517 1196 780 1234 testificando.
806 1196 1008 1235 Accedunt
1027 1209 1126 1235 nunc
1164 1212 1167 1242 «ς

278 1249 367 1285 illae
395 1250 683 1287 sacratissimae
704 1251 883 1288 victimae
905 1251 1126 1294 Deciorum,
1164 1246 1167 1277 l

278 1308 340 1353 qui
370 1318 441 1353 pro
470 1309 598 1346 salute
620 1311 773 1355 publica
792 1310 960 1347 devotas
979 1311 1127 1347 animas

279 1363 506 1406 posuerunt,
537 1364 578 1398 ut
606 1360 750 1405 Livius,
770 1374 846 1400 non
867 1368 1050 1410 quantum
1066 1367 1128 1401 est

278 1419 446 1467 dignum,
477 1421 548 1458 sed
585 1424 769 1468 quantum
806 1423 942 1468 potuit,
980 1423 1127 1470 glorifi-

279 1473 404 1510 cando
442 1477 624 1518 enarrat;
653 1476 806 1513 accedit
841 1479 882 1513 et
918 1477 1010 1513 illud
1048 1477 1127 1513 ine-

278 1533 472 1570 narrabile
501 1533 730 1571 sacrificium
751 1536 987 1572 severissimi
1007 1547 1127 1572 verae

279 1587 470 1624 libertatis
490 1589 660 1625 auctoris
680 1589 803 1625 Marci
825 1588 1010 1626 Catonis:
1037 1600 1129 1635 quo-

278 1656 360 1682 rum
389 1647 499 1682 alteri
530 1657 600 1692 pro
637 1648 764 1684 salute
802 1649 951 1693 patriae
995 1649 1129 1685 mortis

280 1699 464 1751 tenebras
510 1701 890 1744 non⁴l10rruerunt3
933 1702 1043 1744 alter,
1087 1704 1128 1738 ut

281 1758 422 1795 mundo
451 1759 642 1796 libertatis
683 1761 839 1797 ameres
880 1761 1126 1804 accenderet,

280 1812 411 1857 quanti
441 1812 602 1849 libertas
630 1816 740 1850 esset
768 1814 952 1856 ostendit,
987 1814 1074 1851 dum
1104 1826 1126 1851 e

280 1871 360 1907 vita
389 1871 486 1908 liber
514 1871 708 1908 decedere
737 1874 880 1915 maluit,
901 1884 1013 1919 quam
1042 1874 1126 1910 sine

280 1924 460 1961 libertate
515 1935 717 1962 remanere
773 1927 808 1962 in
856 1927 933 1963 illa.
981 1927 1126 1963 Horum

280 1984 445 2020 omnium
475 1994 614 2020 nomen
656 1985 856 2032 egregium
885 1996 984 2023 voce
1013 1986 1127 2023 Tullii

281 2038 486 2074 recalescit
514 2038 551 2074 in
571 2038 617 2075 iis
636 2049 737 2084 quae
757 2040 819 2076 De
827 2040 912 2085 fine
927 2041 1125 2077 bonorum.

817 153 858 178 11.
881 132 1084 179 TRATTA'i‘O
1111 153 1239 178 DELLA
1266 153 1377 179 MONA
1382 155 1431 179 Rc
1435 153 1476 178 1ss
1482 155 1503 178 Α

1195 317 1320 355 Forse
1331 318 1401 377 cQ‘e
1414 318 1536 355 Bruto
1547 319 1748 366 maggiore
1758 329 1836 356 non
1846 318 2047 366 e’insegno

1197 381 1221 408 a
1250 382 1377 418 pospo
1473 372 1493 379 “
1510 371 1592 418 figli
1622 382 1644 408 e
1673 373 1761 408 tutti
1789 372 1842 419 gli
1863 372 1950 409 altri
1970 372 2048 408 alla

1197 425 1336 462 liberta
1365 424 1467 461 della
1497 425 1651 471 patria?
1680 425 1727 461 Di
1757 425 1808 462 lui
1837 425 1948 462 Livio
1967 435 2049 462 rac-

1196 480 1313 515 conta
1341 478 1424 521 che,
1441 478 1612 515 essendo
1642 479 1817 520 console,
1846 477 1987 515 mando
2024 488 2048 514 a

1197 533 1320 568 morte
1350 531 1359 567 l
1389 532 1475 568 suoi
1504 532 1633 578 propri
1663 531 1758 579 figli,
1783 532 1854 574 che
1883 531 1943 568 coi
1979 542 2046 568 ne-

1197 585 1280 622 mici
1323 595 1503 621 avevano
1531 585 1774 632 congiurato.
1799 585 1855 622 La
1873 595 1947 622 sua
1965 585 2048 632 glo-

1196 644 1253 680 ria
1289 645 1312 680 e
1350 643 1539 680 ridestata
1576 645 1638 680 nel
1690 645 1800 681 sesto
1843 644 1941 681 libro
1978 643 2041 680 del

1131 724 1136 728 -
1198 696 1323 734 Poeta
1351 699 1513 735 nostro:

1303 765 1329 792 Il
1348 765 1443 800 padre
1463 765 1618 793 ehiamerix
1636 765 1665 792 al
1687 765 1840 801 supplizio
1855 773 1909 801 per
1921 765 1952 792 la
1964 764 2044 792 bella

1198 811 1308 840 liberta
1322 812 1331 839 i
1345 811 1409 847 figli
1421 811 1490 839 suoi
1506 821 1559 847 per
1571 820 1645 839 aver
1654 812 1806 839 suscitato
1816 820 2043 847 nuoveguerrc.
2076 820 2083 823 ·

1199 868 1315 913 Quali
1345 868 1546 905 ardimenti
1576 879 1646 914 per
1674 869 1711 904 la
1745 868 1871 914 patria
1906 878 1983 905 non
2013 868 2047 904 ci

1198 923 1358 968 suggeri
1387 921 1531 963 Muzio‚
1561 921 1717 967 quando
1753 922 1872 959 assali
1909 920 2047 957 all’im-

1164 996 1165 1016 ³
1199 975 1385 1020 provviso
1397 975 1599 1011 Porsenna
1610 985 1632 1010 e
1648 974 1804 1020 quando
1820 975 1884 1020 poi
1900 974 2048 1011 mirava

1164 1037 1165 1053 l
1199 1029 1376 1065 bruciare
1407 1028 1443 1064 la
1481 1039 1595 1064 mano
1638 1038 1757 1064 ancor
1792 1038 1876 1069 sua,
1905 1027 2047 1073 perche

1200 1092 1327 1118 aveva
1356 1083 1500 1123 errato,
1517 1092 1590 1117 con
1620 1081 1757 1118 occhio
1783 1091 1860 1117 non
1891 1080 2048 1118 diverso

1199 1135 1270 1171 che
1291 1146 1334 1171 se
1356 1145 1498 1171 avesse
1524 1135 1733 1171 osservato
1752 1134 1776 1170 il
1801 1134 1995 1171 tormento
2010 1133 2048 1170 di

1201 1199 1249 1224 un
1261 1189 1411 1224 nemico
1422 1188 1440 1223 P
1461 1187 1615 1232 Questo
1626 1187 1727 1224 fatto
1737 1187 1770 1224 ci
1782 1188 1928 1224 attesta
1939 1186 2048 1224 Livio

1199 1252 1272 1278 con
1303 1242 1573 1278 ammrazione.
1595 1239 1641 1276 Ci
1663 1241 1700 1278 si
1723 1242 1963 1286 presentano
1977 1250 2048 1276 ora

1165 1294 1167 1306 ⁵
1200 1295 1351 1331 dinanzi
1381 1295 1509 1340 quelle
1551 1294 1772 1330 santissime
1801 1294 1949 1330 vittime
1983 1293 2047 1330 dei

1201 1348 1309 1390 Deci,
1352 1347 1422 1384 che
1466 1346 1799 1383 abbandonarono
1842 1347 1878 1382 le
1922 1347 2047 1382 anime

1166 1425 1167 1436 2
1201 1401 1345 1437 devote
1362 1401 1439 1437 alla
1458 1401 1640 1437 salvezza
1660 1399 1763 1436 della
1782 1399 1919 1444 patria,
1936 1410 2047 1436 come

1201 1454 1233 1490 ci
1245 1465 1360 1490 narra
1371 1454 1492 1495 Livio,
1508 1452 1806 1500 glorificandole
1830 1462 1906 1488 non
1931 1462 2048 1497 quan-

1201 1509 1242 1544 to
1270 1507 1438 1544 sarebbe
1476 1507 1620 1553 degno,
1658 1516 1719 1553 ma
1755 1507 1902 1551 quanto
1940 1506 2045 1550 pote3

1201 1571 1223 1596 e
1253 1561 1286 1596 ci
1315 1561 1430 1596 viene
1450 1560 1514 1605 poi
1534 1559 1686 1597 dinanzi
1714 1557 1831 1604 quell’
1843 1556 2044 1595 ineffabile

1200 1613 1394 1650 sacrifizio
1410 1613 1445 1649 di
1463 1613 1600 1649 Marco
1617 1610 1784 1653 Catone,
1795 1610 2047 1647 severissimo

1201 1669 1401 1704 assertore
1429 1665 1533 1702 della
1570 1675 1667 1702 vera
1703 1664 1854 1701 liberta.
1900 1663 1914 1700 1
1941 1662 2051 1709 primi

1199 1731 1276 1757 non
1333 1720 1480 1757 ebbero
1534 1720 1672 1755 timore
1725 1717 1829 1755 delle
1882 1716 2046 1754 tenebre

1200 1774 1302 1810 della
1350 1775 1472 1810 morte
1519 1782 1611 1819 per
1634 1772 1672 1807 la
1713 1770 1897 1807 salvezza
1944 1769 2050 1813 della

1199 1827 1336 1873 patria,
1362 1827 1385 1862 il
1427 1824 1602 1863 secondo
1645 1834 1714 1870 per
1741 1822 1957 1860 accendere
1985 1822 2050 1858 nel
2107 1843 2110 1847 ·

1202 1880 1344 1916 mondo
1374 1878 1397 1915 l’
1409 1889 1541 1929 amore
1571 1878 1674 1914 della
1712 1877 1862 1917 liberta,
1901 1876 2048 1912 mostro

1201 1935 1346 1979 quanto
1367 1921 1547 1992 preziosa
1568 1941 1660 1967 essa
1679 1929 1802 1970 fosse,
1813 1927 2050 1988 preferendo

1200 1987 1324 2023 libero
1354 1985 1479 2022 uscire
1509 1984 1612 2020 dalla
1640 1983 1725 2019 vita
1749 1982 1820 2019 che
1845 1979 2049 2018 rimanervi

1199 2050 1309 2077 come
1338 2039 1510 2075 schiavo.

378 2260 495 2296 quem
520 2250 658 2288 Livius
682 2250 791 2289 dicit.
821 2255 902 2287 Lib.
932 2255 979 2294 11,
1007 2256 1039 2285 5.
1068 2254 1145 2286 eft.
1176 2253 1323 2285 Valerio
1347 2252 1458 2284 Mass.
1487 2252 1530 2292 v,
1556 2251 1592 2283 8.

379 2321 580 2367 natosque
602 2322 728 2367 pater.
758 2325 867 2366 Verg.
896 2326 986 2359 Aen.
1015 2325 1079 2367 VI,
1108 2325 1190 2356 821.

603 2396 686 2427 Liv.
716 2396 822 2434 11,12
849 2407 868 2427 e
895 2397 976 2428 Val.
1004 2396 1112 2428 Mass.
1145 2397 1196 2427 12.
1223 2395 1298 2426 Csr.
1324 2404 1413 2435 pure
1440 2394 1568 2426 Parad.
1598 2392 1661 2433 IV,
1689 2392 1747 2423 81.

378 2391 576 2429 Mutius...

381 2462 501 2509 Quod
521 2463 641 2501 etiam
666 2463 803 2501 Livius
827 2463 1051 2501 admiratur
1079 2466 1159 2500 Lib
1188 2466 1291 2503 V111,
1317 2465 1338 2496 9
1364 2475 1383 2496 e
1410 2464 1473 2502 IX,
1500 2464 1557 2495 29.

378 2534 674 2578 sacriflciumw
702 2535 757 2572 m.
787 2535 968 2572 Catonis.
995 2538 1105 2578 Purg.
1132 2537 1161 2578 1,
1190 2535 1251 2569 71-
1255 2536 1312 2568 75.

830 2591 978 2628 Liberta
1003 2606 1050 2628 va.
1074 2596 1262 2634 oei-cando,
1287 2594 1365 2626 oh’e
1396 2595 1427 2625 si
1453 2603 1537 2625 cara

828 2656 937 2687 Come
963 2665 1003 2687 sa
1028 2655 1088 2686 chi
1115 2664 1178 2695 per
1204 2655 1251 2685 lei
1279 2654 1358 2685 vita.
1383 2652 1523 2684 rifiutza.

783 2714 866 2746 Tu'l
893 2712 970 2754 siai,
997 2714 1063 2746 ohe
1088 2723 1159 2745 non
1187 2713 1216 2744 ti
1243 2713 1282 2744 fu
1307 2721 1373 2753 per
1397 2712 1447 2743 lei
1472 2720 1596 2742 amara

833 2774 874 2805 In
902 2774 1013 2805 Utica
1038 2773 1075 2804 la
1098 2775 1226 2810 morte,
1252 2781 1320 2804 ove
1346 2771 1511 2803 lasoiasti

831 2835 884 2864 La
908 2834 1013 2864 vesta
1037 2833 1104 2864 ohe
1129 2831 1164 2863 al
1190 2841 1280 2872 gran
1307 2831 1346 2862 di
1372 2830 1453 2862 sara
1471 2831 1504 2861 si
1530 2828 1668 2861 chiara.

382 2912 548 2949 quotum
574 2902 739 2940 alleri...-
766 2905 872 2937 oioei
891 2904 993 2936 Deoi.

383 2972 506 3010 aller..
515 3000 522 3007 .
531 2999 538 3007 .
566 2976 717 3008 Catone.

2232 1861 2248 1897 ‘..-‘
2222 1848 2224 1850 ⁴
2239 1818 2248 1834 -
2204 1704 2248 1810 lam«.
2243 1682 2248 1688 .
