2248 3372
345 130 409 161 196
840 135 881 158 IL
906 131 1109 158 TRATTA'ro
1135 132 1267 157 DELLA
1293 130 1533 157 MoNARcfflA

296 290 359 338 est
371 301 419 337 ad
430 301 516 342 hoc,
533 299 638 336 facta
654 299 703 336 ad
718 299 815 335 haec
830 297 972 335 fuisset
994 298 1066 334 sub
1095 297 1147 332 in-

297 366 474 402 tentione
485 366 560 406 illa,
572 365 646 401 iam
657 363 884 415 nonfuisset
891 363 940 399 ad
949 373 1034 399 eam
1046 372 1146 407 quae

295 434 381 468 erat
390 430 605 474 Christi;de
613 440 691 476 quo
704 428 1013 474 Christusipsum
1030 427 1149 463 incre-

298 498 444 542 passet,
474 496 575 532 sicut
603 494 800 531 multoties
828 493 1029 538 increpuit,
1063 502 1147 528 cum

299 561 419 598 inscie
434 560 705 606 responderet.
727 558 798 595 Hic
818 560 947 594 autem
963 567 1039 593 non
1056 555 1150 593 fecit

302 626 374 663 sed
403 625 608 671 acquievit,
638 624 772 661 dicens
788 633 796 659 :
843 638 861 655 «
876 621 983 659 Satis
1026 623 1088 658 est
1103 636 1120 653 »

298 697 409 742 quasi
457 696 624 732 diceret:
670 695 835 740 Propter
872 693 1149 730 necessitatem

296 768 410 811 dico;
440 767 511 804 sed
540 767 572 803 si
601 766 761 812 quilibet
788 766 935 801 habere
964 774 1041 800 non
1085 773 1150 808 po-

304 835 395 875 test,
424 832 502 869 duo
532 831 716 868 sufficere
747 831 923 875 possunt.
963 829 1012 865 Et
1044 827 1149 874 quod

298 898 439 934 Petrus
468 897 517 933 de
546 907 654 933 more
684 895 733 931 ad
753 894 1000 940 superficiem
1020 894 1151 939 loque-

300 965 419 1005 retur,
449 962 591 1008 probat
619 961 704 997 eius
731 959 875 996 festina
905 961 946 995 et
985 959 1149 1003 imprae-

299 1027 486 1065 meditata
515 1026 800 1072 praesumptio;
830 1024 879 1061 ad
917 1034 1030 1070 quam
1072 1033 1149 1059 non

303 1094 429 1130 solum
458 1091 551 1128 fidei
581 1091 787 1128 sinceritas
814 1089 1049 1135 impellebat,
1066 1087 1149 1131 sed,

300 1161 342 1195 ut
370 1157 502 1200 credo,
532 1157 680 1202 puritas
709 1158 749 1192 et
777 1155 1002 1200 simplicitas
1044 1156 1151 1190 natu-

298 1230 404 1266 ralis.
433 1228 543 1265 Hanc
563 1238 672 1264 suam
692 1225 1047 1272 praesumptionem
1063 1225 1152 1261 scri-

301 1295 376 1332 bae
408 1293 551 1331 Christi
581 1294 776 1329 testantur
818 1301 966 1328 omnes.
1009 1289 1152 1326 Scribit

299 1362 430 1397 autem
459 1359 699 1400 Matthaeus,
741 1355 855 1402 quum
890 1355 998 1392 Iesus
1039 1356 1153 1392 inter-

306 1432 493 1478 rogasset
520 1428 751 1474 discipulos:
788 1442 806 1459 ‹<
823 1426 950 1471 Quem
979 1437 1070 1463 esse
1091 1436 1151 1462 me

304 1502 463 1539 dicitis»
485 1501 504 1536 P
533 1500 690 1536 Petrum
719 1499 811 1535 ante
840 1508 976 1534 omnes
995 1507 1154 1542 respon-

302 1573 429 1610 disse:
485 1572 589 1608 «Tu-
619 1581 665 1607 es
711 1568 903 1611 Christus,
941 1567 1046 1604 filius
1079 1567 1153 1604 Dei

306 1638 384 1675 vivi
412 1653 449 1673 ›>.
479 1636 624 1673 Scribit
656 1635 784 1677 etiam,
828 1633 932 1679 quod
962 1631 1153 1675 Christus,

304 1713 419 1749 quum
449 1702 597 1738 diceret
625 1699 834 1745 discipulls‚
864 1698 954 1744 quia
996 1699 1153 1743 oporte-

302 1769 371 1805 bat
399 1777 486 1803 eum
515 1766 571 1802 ire
601 1766 637 1801 in
667 1764 924 1805 Hierusalem,
954 1765 995 1799 et
1035 1763 1155 1798 multa

305 1833 398 1879 pati,
437 1830 651 1876 adsumpsit
678 1840 765 1865 eum
795 1828 948 1870 Petrus,
965 1829 1005 1864 et
1024 1827 1155 1872 coepit

303 1898 506 1942 increpare
535 1905 634 1936 eum,
664 1894 818 1930 dicens:
856 1891 1000 1929 «Absit
1028 1892 1102 1928 hoc
1131 1901 1155 1927 a

304 1965 357 2005 te,
388 1961 574 2003 Domine;
603 1969 680 1997 non
711 1958 785 1994 erit
825 1957 892 1994 tibi
930 1958 1055 1993 hoc».
1093 1955 1154 1992 Ad

306 2043 419 2079 quem
450 2031 641 2072 Christus,
671 2040 758 2066 eum
787 2028 1042 2075 redarguens,
1062 2037 1153 2064 con-

303 2107 446 2134 versus
473 2096 587 2132 dixit:
624 2093 755 2132 «Vade
771 2095 861 2139 post
876 2103 948 2135 me,
965 2091 1153 2128 Satana».

301 2167 394 2204 Item
423 2167 568 2208 scribit,
597 2164 702 2211 quod
730 2165 767 2201 in
797 2165 928 2200 monte
948 2161 1156 2209 transfigu-

301 2239 476 2280 rationis,
525 2238 560 2273 in
604 2238 818 2281 conspectu
857 2233 1000 2271 Christi
1044 2233 1155 2280 Moy-

1221 295 1273 332 do
1301 295 1540 341 rispondeva
1567 305 1688 331 senza
1729 305 1910 340 pensare.
1938 293 2072 333 Allora

1220 349 1358 385 invece
1386 359 1463 385 non
1493 349 1532 385 lo
1560 347 1660 390 fece,
1690 358 1752 384 ma
1801 349 1922 384 stette
1968 343 2073 384 tram

1221 402 1340 447 quillo
1355 401 1677 448 soggiungendo:
1714 416 1732 433 «
1748 402 1877 438 Basta
1891 410 1931 444 »ς
1962 399 2072 446 quasi

1221 455 1382 491 volesse
1393 454 1489 491 dire:
1510 458 1526 474 “
1540 454 1577 490 ln
1594 465 1688 491 caso
1709 453 1745 491 di
1761 454 1958 490 necessita
1972 453 2072 498 dico,

1222 518 1284 544 ma
1294 519 1338 545 se
1347 508 1531 544 ciascuno
1541 518 1618 544 non
1627 518 1676 544 ne
1685 509 1762 553 pub
1771 517 1890 543 avere
1899 516 1987 547 una,
1996 506 2072 543 due

1224 571 1400 607 possono
1415 562 1613 617 bastarew
1631 559 1716 597 Che
1733 560 1878 603 Pietro,
1898 559 2074 597 secondo
2126 591 2138 593 ,

1140 631 1148 664 ;
1195 614 1248 650 ·il
1278 625 1351 651 suo
1380 603 1567 656 costume,
1611 613 1864 659 rispondesse
1906 611 2073 658 superfi-

1224 668 1442 710 cialmente‚
1480 668 1518 703 lo
1561 667 1748 704 dimostra
1789 666 1828 702 la
1855 667 1996 712 pronta
2023 665 2074 702 ed

1225 720 1514 757 inconsiderata
1551 720 1823 766 presunzione‚
1867 729 1891 755 a
1931 719 1992 756 cui
2033 719 2072 755 10

1225 774 1417 821 spingeva
1445 775 1556 810 tanto
1585 774 1623 809 la
1651 773 1834 809 sincerita
1862 771 1966 809 della
1980 771 2073 808 fede

1222 834 1380 879 quanto,
1410 832 1541 875 credo,
1584 832 1622 868 la
1663 842 1735 869 sua
1772 830 1986 876 semplicita
2023 829 2074 867 ed

1223 886 1424 932 ingenuita
1466 885 1655 921 naturale.
1698 885 1803 921 Tutti
1845 885 1898 931 gli
1941 883 2073 920 storici

1224 940 1423 975 attestano
1434 940 1574 984 questa
1585 949 1656 974 sua
1667 937 1872 974 soverchia
1882 932 2073 983 premura.

1225 991 1361 1029 Scrive
1391 992 1546 1028 Matteo
1576 991 1647 1027 che
1676 989 1831 1034 avendo
1847 988 1980 1027 Cristo
2009 988 2077 1026 do-

1225 1044 1408 1081 mandato
1438 1044 1473 1081 ai
1503 1043 1690 1090 discepoli
1726 1058 1745 1076 ‹<
1761 1043 1837 1080 Chi
1853 1043 1931 1080 dite
1950 1043 2075 1080 cneio

1224 1099 1287 1135 sia
1303 1100 1327 1135 Ρ
1353 1113 1371 1131 »
1408 1098 1541 1134 Pietro
1569 1097 1723 1143 rispose
1751 1097 1872 1142 prima
1900 1096 1937 1132 di
1965 1096 2075 1133 tutti:

1232 1167 1250 1184 «
1271 1152 1324 1188 Τιι
1353 1152 1416 1188 sei
1442 1151 1580 1195 Cristo‚
1604 1151 1717 1198 figlio
1745 1150 1788 1187 dl
1812 1149 1900 1191 Dio,
1930 1149 2014 1187 vivo
2036 1163 2075 1185 >›.

1226 1204 1364 1242 Scrive
1395 1214 1540 1241 ancora
1568 1204 1651 1246 che,
1681 1202 1847 1240 dicendo
1877 1201 2010 1239 Cristo
2039 1202 2075 1238 ai

1227 1259 1314 1295 suoi
1343 1257 1531 1303 discepoli
1561 1256 1620 1294 ch’
1636 1256 1714 1304 egli
1743 1256 1900 1293 doveva
1928 1254 2074 1292 andare

1225 1323 1248 1348 a
1269 1311 1563 1348 Gerusalemme
1593 1321 1615 1346 e
1645 1310 1769 1355 patire
1789 1309 1921 1352 molto,
1942 1308 2076 1345 Pietro

1226 1370 1496 1415 l'interruppe,
1514 1379 1537 1405 e
1565 1368 1753 1405 comincio
1783 1378 1806 1404 a
1833 1366 2076 1414 riprenderlo

1227 1422 1414 1460 dicendo:
1431 1422 1563 1469 Lungi
1575 1423 1628 1459 da
1643 1425 1681 1458 te
1696 1424 1835 1468 questo
1854 1431 1877 1458 ο
1897 1420 2079 1468 Signore:

1227 1488 1253 1514 α
1269 1481 1307 1514 te
1322 1486 1400 1513 non
1417 1476 1601 1513 tocchera'
1615 1476 1695 1512 tale
1705 1478 1860 1512 sortem.
1882 1473 1915 1509 E
1933 1473 2075 1510 rivolto

1227 1541 1251 1567 a
1281 1530 1332 1566 lui
1362 1528 1507 1571 Cristo,
1536 1526 1910 1574 rimproverandolo,
1942 1526 2075 1563 disse:

1235 1590 1291 1626 Va
1335 1588 1508 1630 indIetro,
1564 1587 1726 1624 Satana
1743 1587 1760 1623 l
1782 1601 1819 1622 >›.
1849 1584 1946 1622 Cosi
1978 1594 2078 1630 pure

1228 1642 1357 1679 scrive
1387 1641 1457 1677 che
1487 1641 1545 1677 sul
1575 1641 1706 1676 monte
1748 1639 1852 1679 della
1892 1637 2077 1685 trasfigu-

1227 1695 1400 1735 razione‚
1430 1694 1467 1730 in
1497 1694 1695 1739 cospetto
1700 1692 1737 1728 di
1765 1691 1910 1734 Cristo,
1957 1691 2076 1728 Mose

1229 1748 1279 1785 ed
1311 1748 1406 1789 Elia,
1437 1757 1458 1784 e
1488 1747 1551 1783 dei
1581 1746 1656 1782 due
1685 1745 1767 1793 figli
1810 1745 1847 1781 di
1875 1743 2076 1786 Zebedeo,

1229 1801 1356 1842 disse:
1416 1800 1448 1837 O
1501 1799 1678 1847 signore,
1739 1802 1804 1836 sta
1850 1799 1949 1835 bene
2004 1798 2078 1835 ohe

1228 1854 1296 1892 noi
1320 1855 1448 1890 siamo
1477 1853 1560 1899 qui3
1589 1863 1635 1889 se
1663 1852 1761 1894 ναοί,
1786 1851 1992 1897 faeciamo
2020 1853 2077 1887 tre

1229 1912 1482 1954 tabernac-oli,
1512 1922 1590 1948 uno
1612 1922 1689 1957 per
1714 1914 1763 1954 te,
1784 1920 1862 1947 uno
1870 1920 1947 1956 per
1963 1909 2078 1946 Mose}

1229 1968 1281 2004 ed
1307 1976 1385 2003 uno
1406 1975 1483 2011 per
1508 1964 1597 2001 El1‘a
1616 1979 1653 2001 ».
1697 1963 1729 2000 Ε
1756 1963 1911 2009 Matteo
1947 1961 2079 1998 scrive

1228 2029 1324 2066 pure
1345 2019 1415 2055 che
1436 2017 1664 2054 trovandosi
1693 2017 1704 2052 i
1734 2015 1921 2061 discepoli
1941 2014 1979 2051 di
1994 2016 2077 2051 not-

1228 2075 1403 2117 tetempo
1419 2072 1454 2107 in
1471 2081 1549 2108 una
1563 2068 1794 2107 navicella‘e
1809 2067 2076 2106 camminando

1229 2125 1362 2162 Cristo
1392 2125 1490 2161 sulle
1533 2134 1668 2169 acque,
1706 2123 1839 2159 Pietro
1881 2122 2077 2158 esclamb:

1228 2179 1405 2225 Signore.
1434 2188 1480 2214 se
1508 2177 1571 2214 sei
1595 2181 1648 2221 tu,
1672 2176 1822 2222 fammi
1846 2174 1974 2218 venire
1993 2185 2020 2211 a
2041 2177 2078 2211 te

1229 2243 1348 2279 sopra
1377 2233 1413 2268 le
1441 2241 1570 2277 aeque
1597 2245 1635 2266 ».

396 2447 542 2486 scribit
562 2446 805 2484 Matthaeus.
832 2448 976 2488 Evang.
1005 2446 1105 2481 XVI.
1133 2445 1255 2487 15-16‚
1285 2446 1327 2476 21
1357 2453 1458 2485 segg.

395 2525 507 2563 Ufem
550 2523 696 2562 scribit
736 2522 849 2568 quod
889 2522 929 2558 1'n
975 2520 1110 2558 monte
1153 2517 1537 2564 transfigurationis.
1582 2519 1725 2560 Evang.
1764 2518 1884 2560 XVII,
1924 2518 1958 2565 4.
1999 2518 2078 2554 cfr.

302 2589 413 2629 Purg.
438 2586 592 2626 XXXII,
624 2586 668 2618 ‘58
694 2594 797 2626 segg.

775 2655 887 2694 Quali
924 2663 946 2685 a
969 2653 1080 2684 veder-
1104 2651 1159 2683 de'
1185 2651 1323 2683 fioretti
1348 2650 1407 2681 del
1433 2649 1540 2691 molo,

681 2703 757 2736 Che
781 2702 841 2734 del
866 2711 933 2734 suo
958 2709 1065 2741 pomo
1089 2699 1145 2740 gli
1170 2698 1293 2739 angeli
1320 2697 1358 2729 fa
1381 2697 1522 2738 ghiotti

680 2751 710 2782 E
736 2750 911 2791 perpetue
936 2757 1044 2780 nozze
1070 2746 1108 2778 ia
1133 2746 1192 2778 nel
1218 2745 1322 2786 oielo,

777 2809 901 2840 Pietro
925 2816 945 2838 e
970 2805 1155 2838 Giovanni
1180 2814 1200 2836 e
1226 2805 1358 2844 Iaoopo
1383 2802 1561 2841 oondotti,

682 2857 712 2888 E
738 2856 836 2887 vinti
862 2855 1044 2887 ritornaro
1069 2852 1144 2884 alla
1168 2851 1298 2892 parola

682 2903 792 2935 Dalla
815 2902 903 2943 qual
928 2901 1037 2933 furon
1062 2897 1228 2941 maggior
1254 2898 1361 2930 sonni
1387 2885 1490 2938 rotati,

777 2962 807 2992 E
833 2961 960 2993 videro
986 2960 1145 2992 scemata
1170 2958 1248 2989 loro
1274 2956 1399 2989 souola

682 3010 768 3042 Cosl
792 3009 831 3040 di
857 3008 957 3039 Mose
981 3016 1082 3039 oome
1107 3005 1142 3037 d’
1156 3004 1251 3044 Elia,

682 3056 738 3088 Ed
763 3056 799 3088 al
826 3055 984 3087 Maestro
1010 3063 1076 3085 suo
1104 3052 1277 3093 eangiata
1301 3050 1410 3083 stola.
