2248 3372
301 331 396 368 latio
416 331 466 368 sit
484 330 620 372 honor,
641 329 766 366 omnis
785 328 977 375 praelatio
997 328 1151 366 virtutis

239 380 246 388 '
300 386 364 422 est
390 384 612 430 praemium.
645 381 727 420 Sed
755 383 911 419 constat
939 381 1043 428 quod
1072 392 1150 418 me-

300 443 375 480 rito
394 443 548 480 virtutis
575 442 825 479 nobilitantur
853 441 1049 478 homines:
1078 441 1151 477 vir-

300 496 394 534 tutis
420 495 604 534 videlicet
640 495 832 541 propriae,
862 495 925 531 vel
951 495 1149 532 maiorum.

301 549 371 587 Est
398 549 497 586 enim
526 549 708 586 nobilitas
762 549 886 585 virtus
923 550 964 585 et
991 548 1149 585 divitiae

299 609 492 655 antiquae,
522 609 628 645 iuxta
670 608 944 654 Philosophum
973 609 1009 645 in
1049 608 1149 645 Poli-

299 662 405 720 tia-ts:
435 663 475 699 et
503 662 609 699 iuxta
636 661 890 706 juvenalem:

334 742 486 770 Nobilitas
505 742 599 770 animi
619 742 688 770 sola
709 745 757 771 est
776 744 869 779 atque
891 742 985 770 unica
1003 742 1113 770 virtus.

298 809 413 856 Quae
442 810 543 848 duae
577 811 797 848 sententiae
840 810 890 847 ad
919 810 1018 848 duas
1045 810 1152 848 nobi-

297 870 429 908 litates
469 870 628 907 dantur:
685 870 878 916 propriam
920 870 1069 907 scilicet
1110 872 1152 907 et

298 930 495 967 maiorum.
527 929 632 977 Ergo
652 930 857 973 nobilibus,
887 930 1039 966 ratione
1059 940 1150 966 cau-

298 999 380 1032 sae,
410 989 618 1036 praemium
639 989 892 1036 praelationis
910 989 1151 1026 conveniens

299 1050 373 1086 est.
402 1048 554 1085 Etcum
582 1049 755 1094 praemia
784 1049 930 1086 meritis
954 1049 1031 1085 sint
1049 1058 1151 1084 men-

299 1107 470 1144 suranda
530 1108 636 1144 iuxta
704 1107 795 1144 illud
860 1108 1149 1155 Evangelicum,

307 1181 324 1199 α
345 1165 491 1204 Eadem
520 1177 700 1204 mensura
731 1178 807 1214 qua
835 1168 957 1204 mensi
985 1166 1149 1210 fueritis,

298 1226 525 1265 remetietur
569 1227 683 1263 vobis
711 1241 746 1262 ».
808 1227 970 1263 maxime
1017 1227 1148 1270 nobili,

299 1285 461 1327 maxime
481 1295 643 1331 praesse
664 1286 859 1323 convenit.
888 1284 1148 1332 Subassump-

298 1345 375 1380 tam
395 1354 505 1387 vero,
534 1346 710 1381 veterum
726 1345 949 1382 testimonia
969 1344 1149 1389 suadent;

297 1413 384 1440 nam
417 1402 570 1440 divinus
612 1406 732 1449 poeta
773 1406 910 1441 noster
951 1394 1147 1452 Virgilius,

298 1473 367 1508 per
385 1465 507 1499 totam
537 1463 758 1506 Aeneidem,
781 1464 995 1511 gloriosum
1014 1474 1148 1515 regem

297 1514 483 1558 Aeneam,
513 1519 662 1562 patrem
683 1517 844 1557 Romani
874 1517 1005 1563 populi
1025 1516 1148 1554 fuisse

297 1575 465 1613 testatur
514 1575 551 1612 in
590 1576 811 1613 memoriam
853 1577 1148 1622 sempiternam

298 1633 403 1680 quod
439 1634 550 1670 Titus
593 1634 735 1677 Livius,
772 1637 973 1682 gestorum
1009 1635 1148 1672 Roma-

298 1703 434 1730 norum
452 1693 581 1730 scriba
608 1694 806 1742 egregius,
835 1694 871 1730 in
892 1695 1013 1740 prima
1037 1696 1147 1740 parte

298 1746 358 1784 sui
399 1747 614 1790 voluminis,
660 1758 761 1793 quae
804 1758 827 1784 a
869 1750 984 1794 capta
1030 1748 1148 1788 Troia

299 1805 414 1842 sumit
438 1805 648 1849 exordium,
678 1808 934 1844 contestatur.
964 1807 1042 1853 Qui
1070 1807 1149 1853 qui-

298 1863 385 1901 dem
401 1865 674 1902 invictissimus
693 1868 809 1912 atque
827 1867 1020 1912 piissimus
1035 1869 1147 1913 pater

297 1925 466 1970 quantae
495 1925 707 1962 nobilitatis
735 1926 793 1962 vir
820 1925 949 1968 fuerit,
979 1929 1056 1963 n'on
1086 1937 1147 1964 so-

234 1999 239 2005 ·
298 1983 373 2020 lum
402 1994 473 2021 sua
501 1983 749 2022 considerata
774 1985 929 2028 virtute,
960 1986 1031 2023 sed
1061 1997 1146 2032 pro·
1181 2030 1183 2035 .

1088 151 1218 195 niz-m
1243 155 1288 186 11.
1428 134 1431 137 ’
1964 144 2031 185 138

1223 338 1274 364 un
1303 338 1439 371 onore,
1478 328 1570 376 ogni
1608 327 1840 373 preferenza
1870 329 1892 364 e
1930 327 2079 374 premio

1223 380 1260 418 di
1290 381 1404 418 virtu.
1433 382 1502 418 Ma
1539 382 1571 418 si
1614 392 1659 418 sa
1688 383 1759 419 che
1792 381 1846 428 gli
1875 381 2017 418 uomini
2046 381 2079 419 si
2108 402 2114 439 3

1223 440 1438 478 nobilitano
1469 451 1538 487 per
1558 441 1695 477 merito
1724 440 1829 477 della
1848 440 1962 484 virtu,
1992 440 2079 477 cioe

1223 493 1328 530 della
1352 494 1454 531 virtu
1479 494 1636 540 propria
1670 505 1694 531 o
1724 494 1787 531 dei
1817 493 1947 540 propri
1977 504 2080 542 mag-

1223 547 1335 595 giori,
1352 548 1494 593 perche
1519 548 1556 584 la
1579 548 1728 584 nobilta
1744 549 1766 584 ὲ
1782 548 1883 583 virtu
1903 547 1952 584 ed
1973 547 2079 584 avite

1223 601 1433 644 ricchezze,
1463 602 1499 638 al
1527 601 1609 637 dire
1638 600 1701 638 del
1731 600 1908 638 Filosofo
1929 600 2080 638 1101Ρο-

1223 655 1335 698 litici;
1365 665 1387 691 e
1416 654 1592 692 secondo
1622 653 1864 692 Giovenale:

1330 728 1375 757 La
1394 729 1463 757 sola
1482 728 1519 757 ed
1540 728 1633 756 unica
1652 728 1771 756 nobilta
1791 729 1807 756 e
1826 729 1858 756 la.
1876 727 1973 758 viriii„

1225 791 1279 828 Le
1307 791 1418 838 quali·
1441 791 1516 828 due
1555 793 1743 828 sentenze
1776 790 2025 836 s‘applicano
2055 801 2079 828 a

1224 845 1300 882 due
1329 845 1489 888 nobilta,
1528 845 1606 881 alla
1644 844 1801 890 propria
1839 855 1861 881 e
1892 855 1915 881 a
1947 844 2078 890 quella

1224 899 1328 946 degli
1349 898 1424 935 avi.
1454 898 1592 935 Percio
1609 898 1644 935 ai
1661 898 1791 940 nobili,
1809 908 1832 934 a
1851 898 2026 935 secanda
2041 898 2080 935 di

1224 954 1365 998 questa
1405 963 1537 995 causa,
1572 954 1703 998 spetta
1731 951 1755 988 il
1785 952 1933 998 premio
1976 951 2080 988 della

1224 1011 1467 1057 preferenza.
1485 1010 1715 1048 Dovendosi
1731 1011 1941 1048 misurarei
1959 1011 2079 1057 premi

1224 1076 1247 1102 a
1277 1065 1451 1102 seconda
1470 1065 1532 1101 dei
1563 1065 1699 1107 meriti,
1729 1064 1896 1101 dicendo
1926 1064 1949 1101 il
1979 1063 2080 1102 Van-

1222 1119 1354 1166 geloz.
1383 1117 1532 1155 «Colla
1569 1120 1701 1168 stessa
1738 1119 1881 1155 misura
1915 1128 1988 1155 con
2018 1118 2078 1155 cui

1223 1174 1340 1209 avete
1378 1172 1575 1215 misurato,
1618 1172 1655 1208 vi
1699 1173 1789 1209 sara
1826 1172 2013 1208 misurato
2041 1186 2079 1215 »‚

1223 1236 1246 1262 a
1261 1226 1392 1272 quello
1413 1226 1476 1272 piii
1496 1225 1627 1263 nobile
1648 1227 1781 1272 spetta
1798 1226 2078 1271 specialmente

1224 1290 1336 1316 esser
1369 1282 1571 1326 preposto.
1609 1279 1664 1316 La
1701 1279 1939 1332 subassunta
1976 1281 1999 1316 e
2028 1278 2081 1316 di·

1223 1339 1397 1376 chiarata
1421 1338 1524 1376 dalle
1553 1338 1851 1375 testimonianze
1881 1338 1986 1386 degli
2015 1348 2079 1375 an-

1224 1392 1326 1435 tichi,
1355 1393 1498 1438 perche
1541 1392 1565 1428 il
1607 1394 1745 1429 nostro
1788 1391 1920 1429 divino
1957 1394 2079 1438 poeta

1223 1446 1386 1493 Virgilio
1428 1446 1464 1482 in
1507 1447 1609 1482 tutta
1651 1445 1835 1482 l’Eneide
1878 1447 2026 1483 attesta
2054 1456 2078 1482 a

1224 1500 1408 1536 memoria
1455 1500 1692 1546 sempiterna
1734 1500 1804 1536 che
1848 1498 1969 1545 padre
2012 1498 2075 1536 del

1224 1553 1376 1599 Popolo
1398 1549 1574 1590 Romano
1594 1552 1635 1589 fu
1651 1553 1674 1588 il
1691 1553 1868 1600 glorioso
1889 1563 1931 1589 re
1953 1552 2074 1590 Enea.

1223 1606 1278 1643 La
1307 1607 1395 1652 qual
1433 1617 1529 1643 cosa
1567 1608 1589 1643 e
1627 1604 1870 1651 confermata
1907 1605 1958 1643 da
1986 1606 2076 1643 Tito

1222 1660 1344 1702 Livio,
1387 1660 1536 1697 illustre
1581 1660 1762 1706 scrittore
1807 1659 1911 1697 della
1953 1660 2077 1697 storia

1221 1724 1382 1750 romana
1410 1714 1514 1750 nella
1543 1714 1664 1759 prima
1693 1715 1804 1759 parte
1825 1713 1888 1750 del
1917 1713 1991 1750 Suo
2010 1724 2078 1751 vo·

1220 1767 1334 1810 lume,
1364 1767 1435 1804 che
1456 1767 1603 1814 prende
1628 1767 1815 1813 principio
1835 1767 1939 1804 dalla
1959 1777 2076 1813 presa

1220 1825 1257 1863 di
1287 1827 1416 1863 Troia.
1452 1826 1500 1863 Di
1529 1828 1675 1872 quanta
1703 1826 1852 1863 nobilta
1880 1826 1940 1863 sia
1968 1828 2075 1864 stato

1219 1882 1360 1926 questo
1399 1880 1645 1917 invittissimo
1684 1890 1706 1916 e
1744 1880 1917 1926 piissimo
1952 1879 2073 1926 padre

1218 1944 1295 1971 non
1334 1934 1464 1979 saprei
1514 1934 1713 1981 spiegarlo
1755 1944 1929 1980 neppure
1968 1933 2073 1980 dopo

1219 1987 1469 2024 considerata
1502 1988 1540 2023 la
1568 1997 1640 2024 sua
1668 1987 1770 2023 virtu
1799 1998 1822 2024 e
1851 1987 1981 2033 quella
2009 1987 2072 2024 dei

395 2196 449 2229 ΙΙΙ.
476 2193 637 2233 υΙΓΙυΙῘΕ
660 2196 849 2248 propriae
876 2196 942 2234 vel
963 2197 1170 2235 maiorum.
1198 2201 1305 2232 Nella
1320 2201 1455 2233 morale
1481 2201 1518 2232 di
1534 2198 1684 2234 Alberto
1698 2201 1833 2243 Magno
1847 2200 1888 2244 (l.
1916 2190 2022 2234 V'tr.
2050 2201 2072 2233 2

298 2263 377 2295 oap.
405 2255 458 2298 4.)
483 2256 515 2288 si
540 2256 669 2297 legge:
695 2257 933 2290 Nobilitatem
960 2261 1083 2291 antem
1108 2260 1297 2301 accipiunt.
1322 2261 1521 2292 secundum
1537 2260 1692 2293 Senecae
1710 2261 2068 2303 determinationem,

297 2313 477 2347 dicentem
504 2315 598 2356 qnod
625 2316 720 2348 nihil
746 2319 802 2349 est,
826 2318 1003 2360 nobilitas
1028 2319 1102 2351 nisi
1140 2319 1313 2361 antiquae
1351 2319 1520 2352 divitiae.
1552 2320 1767 2361 L'opinione
1794 2320 1832 2352 di
1871 2321 2071 2353 Aristotele

298 2373 395 2406 sulla
420 2375 561 2407 nobilta
586 2375 679 2408 oltre
716 2376 782 2408 ohe
819 2376 918 2408 nella
955 2377 1033 2412 Pol.
1074 2378 1130 2410 III
1159 2379 1212 2418 13,
1250 2380 1386 2411 rioorre
1423 2379 1538 2411 auehe
1569 2379 1668 2412 1101111,
1710 2380 1881 2412 Retorioa
1920 2380 1969 2422 11,
2012 2380 2069 2412 15.

297 2432 403 2466 Nella
428 2434 594 2466 Canzone
619 2435 677 2467 del
703 2436 857 2468 trattato
883 2436 899 2467 l

973 2437 1017 2468 'al
1044 2437 1226 2470 Convivio
1252 2437 1297 2471 D.
1322 2448 1515 2471 aoeennaa
1540 2439 2071 2480 (1110οΡ1111οηὶ011111111011111ὲ.

390 2479 526 2526 contro
551 2494 587 2527 la
612 2495 768 2527 soconda
793 2496 965 2537 (minione
992 2498 1202 2537 prevalente
1232 2498 1413 2533 eombatte
1456 2500 1518 2541 D„
1549 2499 1574 2530 il
1613 2499 1722 2540 quale
1759 2508 1779 2530 0
1817 2499 1880 2539 qui
1919 2499 1979 2530 1101
2017 2498 2070 2530 De

296 2551 393 2584 Mon.
418 2562 438 2584 e
463 2553 522 2585 nel
550 2553 724 2587 Paradiso
749 2553 850 2598 (XVI
877 2555 950 2602 1-9)
977 2556 1131 2589 afterma
1156 2557 1223 2589 ohe
1249 2557 1285 2589 la
1310 2567 1397 2590 vera
1422 2567 1442 2590 e
1466 2558 1604 2600 grande
1632 2558 1773 2590 nobilta
1807 2558 1967 2590 consiste
2005 2558 2069 2598 pin

298 2612 354 2643 nei
384 2612 506 2645 meriti
532 2614 654 2654 propri
681 2613 747 2646 ohe
773 2615 872 2647 1101111,
898 2617 1039 2649 nobilta
1064 2616 1103 2648 di
1129 2626 1279 2658 sangue,
1304 2617 1435 2657 poiche
1462 2619 1590 2658 questa
1617 2617 1772 2649 seoondn,
1798 2618 1815 2648 ὸ
1859 2627 1908 2648 1111
1947 2618 2071 2649 manto

296 2671 363 2703 0110
387 2673 485 2704 tosto
511 2672 541 2704 si
568 2671 706 2714 logova.

390 2739 595 2778 Nobilitas
620 2741 745 2779 enim]
765 2742 905 2781 solam.
932 2745 1143 2788 Giovenaie,
1170 2721 1246 2782 sat}
1274 2747 1378 2788 V111,
1403 2747 1461 2780 20.
1492 2760 1497 2762 >

388 2810 541 2849 Eadem
565 2822 753 2850 mensure
778 2818 849 2849 eto,
877 2817 912 2850 S.
940 2817 1047 2850 Mate.
1075 2817 1142 2850 Ev.
1169 2818 1252 2855 VII,
1284 2819 1317 2851 2.
1346 2818 1423 2850 Cfr.
1460 2817 1590 2850 Parad.
1619 2817 1683 2859 VI,
1715 2817 1794 2850 118.
1836 2817 1939 2849 «Nel
1977 2828 2069 2850 oom—

297 2881 482 2906 mensurar
506 2873 561 2906 de'
587 2875 841 2917 nostrigaggi
868 2875 934 2908 Col
961 2878 1075 2922 merto
1099 2889 1134 2909 υ.
1179 2884 1182 2888 ·

2091 378 2107 396 ,x
