2248 3372
1493 0 1514 7 ·’
1566 0 1683 33 *τίς
1693 0 1781 37 τῆξ..
1800 0 1886 32 *ζ’ῂ,

297 145 342 178 96
794 155 835 178 IL
859 154 1062 180 'marra-ro
1087 154 1218 179 munta
1243 152 1483 181 monancma

251 317 450 362 quaeritur
478 320 660 362 tanquam
699 317 922 363 principium
956 318 1108 364 inquisi-

252 375 370 412 tionis
390 375 628 412 directivum.
659 375 826 422 Propter
853 377 957 423 quod
986 378 1108 414 scien-

253 434 341 470 dum
371 434 505 479 primo,
548 434 652 480 quod
682 434 792 472 Deus
820 438 861 473 et
888 439 1027 473 natura
1055 436 1105 472 nil

253 493 420 530 otiosum
450 492 564 530 facit:
599 493 670 530 sed
699 494 882 540 quidquid
911 494 1041 540 prodit
1069 495 1106 531 in

252 562 356 594 esse,
404 554 467 588 est
513 552 562 588 ad
610 553 775 598 aliquam
821 554 1106 599 operationem.

251 609 339 647 Non
369 611 469 647 enim
490 612 664 648 essentia
691 612 769 648 ulla
789 615 923 649 creata
952 613 1107 649 ultimus

252 668 342 706 finis
390 671 453 706 est
499 670 535 706 in
578 671 795 708 intentione
841 672 1022 713 creantis,
1069 672 1106 708 in

254 731 437 774 quantum
458 739 610 771 creans,
639 730 711 766 sed
731 730 888 775 propria
907 731 1107 767 essentiae

253 789 445 833 operatio.
474 787 587 824 Unde
607 791 682 830 est,
703 788 806 834 quod
827 799 903 825 non
926 790 1107 835 operatio

253 841 410 886 propria
447 843 608 886 propter
645 842 869 884 essentiam,
908 842 980 879 sed
1009 843 1107 879 haec

252 902 415 945 propter
453 900 554 936 illam
593 901 712 937 habet
740 903 782 937 ut
810 902 871 938 sit.
911 901 982 938 Est
1010 912 1107 948 ergo

253 959 383 1004 aliqua
410 959 567 1004 propria
597 960 776 1005 operatio
809 960 1001 997 humanae
1030 960 1109 996 uni-

252 1017 464 1063 versitatis,
503 1018 552 1054 ad
594 1029 708 1063 quam
750 1019 835 1064 ipsa
873 1019 1108 1055 universitas

252 1076 445 1113 hominum
462 1077 624 1114 intanta
646 1077 886 1114 multitudine
908 1078 1108 1115 ordinatur

254 1135 303 1171 ad
319 1145 431 1180 quam
446 1135 608 1187 quidem·
620 1137 888 1182 operationem
904 1147 975 1173 nec
990 1137 1107 1174 homo

253 1199 364 1230 unus,
385 1199 457 1224 nec
478 1188 617 1226 domus
645 1199 733 1232 una,
763 1199 834 1226 nec
855 1200 931 1226 una
954 1190 1106 1233 vicinia,

252 1257 325 1284 nec
355 1258 431 1283 una
460 1248 610 1290 civitas,
648 1259 720 1285 nec
750 1259 910 1296 regnum
945 1250 1108 1295 particu-

252 1306 335 1342 lare
373 1307 596 1353 pertingere
636 1309 780 1352 potest.
823 1306 938 1352 Quae
977 1310 1106 1345 autem

253 1365 304 1401 sit
322 1365 398 1407 illa,
429 1364 674 1402 manifestum
702 1365 784 1408 fiet,
813 1366 845 1403 si
867 1367 1036 1403 ultimum
1057 1367 1106 1403 de

253 1424 430 1469 potentia
463 1425 583 1461 totius
619 1425 868 1462 humanitatis
905 1428 1105 1471 appareat.

254 1481 353 1519 Dico
382 1493 492 1530 ergo,
523 1483 627 1529 quod
662 1484 766 1520 nulla
794 1484 854 1521 vis
883 1495 907 1520 a
935 1484 1107 1530 pluribus

253 1542 386 1587 specie
433 1542 600 1579 diversis
646 1543 888 1588 participata,
936 1544 1107 1580 ultimum

254 1602 316 1636 est
336 1600 384 1636 de
415 1601 591 1646 potentia
620 1601 782 1638 alicuius
811 1602 973 1638 illorum.
1003 1601 1107 1647 Quia

255 1669 339 1695 cum
370 1659 474 1702 illud,
513 1660 616 1706 quod
646 1664 708 1697 est
737 1661 906 1697 ultimum
936 1661 1028 1702 tale,
1057 1662 1108 1698 sit

254 1719 544 1755 constitutivum
561 1720 718 1765 speciei,
739 1722 982 1765 sequeretur,
1003 1720 1107 1766 quod

254 1787 331 1813 una
360 1778 533 1814 essentia
562 1779 735 1823 pluribus
763 1779 970 1824 speciebus
999 1782 1108 1816 esset

254 1835 504 1880 specificata;
533 1836 637 1882 quod
657 1840 719 1873 est
739 1837 989 1882 impossibile.
1019 1837 1105 1874 Non

255 1898 317 1931 est
345 1905 443 1942 ergo
471 1895 532 1931 vis
561 1895 693 1934 ultima
721 1896 757 1932 in
787 1896 940 1932 homine
983 1897 1106 1942 ipsum

255 1963 345 1989 esse
379 1954 602 1999 simpliciter
630 1957 838 1999 sumptum;
881 1955 968 2000 quia
990 1955 1106 1991 etiam

254 2012 309 2048 sic
330 2015 520 2057 sumptum
542 2013 590 2049 ab
615 2013 819 2049 elementis
843 2014 1104 2059 participatur,

1181 317 1336 362 Questo
1372 317 1452 355 fine
1490 322 1662 365 appunto
1701 321 1882 359 ricercasi
1919 333 2030 360 come

1180 371 1366 417 principio
1386 371 1569 409 direttivo
1589 373 1693 410 della
1712 373 1907 422 indagine.
1928 375 2030 413 Pero

1178 424 1347 471 bisogna
1383 435 1524 471 sapere
1554 426 1624 463 che
1659 426 1735 464 Dio
1764 437 1787 464 e
1817 428 1855 465 la
1882 427 2031 467 Natura

1179 487 1256 514 non
1289 476 1410 514 fanno
1447 478 1552 515 nulla
1589 479 1625 515 di
1655 480 1805 523 ozioso,
1840 491 1901 518 ma
1929 483 2031 519 tutto

1180 530 1240 566 cio
1283 529 1353 566 che
1391 531 1506 568 viene
1548 532 1584 568 in
1627 543 1775 575 essere,
1809 534 1924 571 viene
1961 545 2031 580 per

1179 583 1342 628 qualche
1370 582 1574 627 funzione;
1603 586 1741 630 poiche
1769 589 2031 624 nessunente

1179 638 1315 672 creato
1344 637 1367 672 e
1395 636 1419 672 il
1447 635 1527 673 fine
1557 638 1689 675 ultimo
1718 638 2030 677 nell'intenzione

1180 689 1217 725 di
1246 689 1305 725 chi
1326 699 1418 726 crea
1443 690 1479 726 in
1509 693 1655 736 quanto
1684 702 1787 735 crea,
1817 702 1877 729 ma
1906 693 2032 739 l’ope-

1180 742 1338 778 razione
1367 743 1524 788 propria
1553 743 1589 779 di
1622 744 1854 790 quell’ente.
1892 745 2030 784 Ond’e

1180 795 1251 831 che
1280 805 1356 831 non
1395 794 1666 841 l’operazione
1703 808 1774 843 per
1801 797 1940 841 l’ente,
1969 809 2031 836 ma

1179 850 1322 894 questo
1341 858 1411 894 per
1425 849 1554 894 quella
1569 850 1619 886 ha
1633 851 1796 897 ragione
1812 850 2030 888 d’esistere.

1179 900 1226 938 V’
1243 902 1266 937 e
1295 904 1476 946 pertanto
1505 913 1582 939 una
1610 904 1846 948 operazione
1875 905 2032 950 propria

1181 953 1270 990 dell'
1282 955 1451 991 umanita
1480 955 1617 999 intera,
1647 967 1671 992 a
1689 957 1750 993 cui
1769 967 1862 994 essa
1890 959 1913 994 ὲ
1933 957 2032 994 ordi-

1180 1009 1273 1043 nata
1310 1007 1413 1043 nella
1451 1008 1691 1046 moltitudine
1725 1009 1830 1057 degli
1867 1011 2031 1054 uomini3

1181 1057 1257 1096 alla
1285 1061 1400 1105 quale
1438 1062 1674 1106 operazione
1712 1072 1789 1099 non
1826 1062 1953 1100 riesce
1980 1064 2032 1100 ne

1181 1123 1230 1149 un
1259 1114 1347 1149 solo
1377 1123 1504 1156 uomo,
1540 1116 1591 1151 ne
1620 1125 1697 1151 una
1724 1116 1812 1152 sola
1847 1115 2032 1163 famiglia,

1180 1167 1230 1202 ne
1259 1177 1334 1202 una
1371 1167 1459 1203 sola
1495 1167 1708 1210 vicinanza,
1749 1169 1800 1205 ne
1832 1179 1909 1206 una
1945 1169 2032 1206 sola

1180 1219 1284 1260 cista,
1315 1221 1364 1256 ne
1394 1230 1442 1256 un
1472 1230 1596 1268 regno
1625 1221 1871 1266 particolare.
1901 1220 2031 1267 Quale

1180 1272 1239 1308 sia
1267 1274 1407 1318 questa
1436 1273 1673 1318 operazione
1698 1275 1730 1310 si
1759 1274 1927 1311 rendera
1955 1275 2033 1311 evi-

1143 1353 1145 1360 ,
1180 1324 1311 1367 dente,
1340 1325 1496 1370 quando
1539 1327 1679 1371 appaia
1725 1327 1934 1364 manifesto
1963 1327 2030 1364 l'e·

1180 1380 1326 1414 stremo
1369 1378 1486 1415 limite
1527 1378 1630 1415 della
1667 1382 1835 1425 potenza
1863 1379 1900 1416 di
1929 1382 2030 1417 tutta

1179 1429 1397 1468 l’umanita.
1435 1431 1534 1468 Dico
1567 1431 1720 1478 dunque
1758 1433 1830 1469 che
1859 1443 2031 1470 nessuna

1180 1486 1360 1529 potenza,
1403 1485 1480 1521 alla
1515 1485 1631 1530 quale
1673 1485 1876 1531 prendono
1919 1488 2030 1531 parte

1180 1537 1244 1582 piu
1290 1537 1474 1574 individui
1525 1537 1721 1575 differenti
1769 1549 1839 1584 per
1885 1538 2029 1584 specie,

1179 1588 1305 1626 forma
1333 1590 1357 1626 il
1386 1601 1536 1627 sommo
1564 1590 1668 1627 della
1710 1593 1878 1637 potenza
1906 1591 1942 1627 in
1972 1594 2030 1628 ta-

1179 1643 1272 1679 luno
1301 1642 1338 1679 di
1367 1643 1474 1686 loro;
1500 1644 1654 1689 perche,
1687 1643 1859 1681 essendo
1888 1646 2029 1690 questo

1179 1706 1329 1732 sommo
1363 1696 1480 1732 limite
1517 1699 1713 1733 carattere
1749 1697 1853 1746 della
1885 1697 2029 1743 specie,

1180 1759 1230 1785 ne
1258 1749 1493 1796 seguirebbe
1531 1750 1602 1786 che
1640 1760 1716 1787 una
1742 1751 1831 1787 sola
1863 1760 2030 1787 essenza

1180 1802 1349 1838 sarebbe
1391 1801 1619 1848 specificata
1660 1813 1730 1848 per
1771 1804 1835 1849 piu
1876 1803 2030 1849 specie;

1180 1855 1240 1891 cio
1270 1854 1359 1891 ch‘e
1389 1855 1639 1900 impossibile.
1668 1855 1755 1892 Non
1784 1858 1847 1892 sta
1874 1855 2028 1902 dunque

1142 1945 1144 1959 <
1180 1908 1217 1943 la
1237 1910 1405 1952 potenza
1425 1908 1555 1944 ultima
1579 1907 1796 1945 dell’uomo
1825 1907 2029 1944 nell’esser

1179 1970 1297 2005 preso
1334 1961 1649 2006 semplicemente
1692 1970 1762 2006 per
1788 1971 1833 1997 se
1870 1962 2027 2009 stesso;

1178 2013 1339 2060 giacche
1368 2014 1490 2050 anche
1514 2015 1596 2050 cosi
1626 2024 1743 2059 preso
1773 2014 1972 2059 partecipa
1991 2012 2029 2049 di

349 2239 459 2277 Deus
483 2240 525 2277 el
546 2240 687 2278 ηᾶΙυΓᾶ
713 2240 774 2278 ηῘΙ
796 2240 971 2278 otiosum
991 2239 1106 2284 facil,
1123 2243 1189 2274 cir.
1208 2243 1273 2277 lib.
1288 2243 1344 2274 111
1372 2245 1404 2275 2.
1431 2245 1529 2275 Deus
1555 2245 1591 2276 et
1615 2246 1749 2275 natura
1773 2243 1870 2275 nihil
1886 2243 2029 2276 faciunt

254 2302 392 2334 frustra
418 2311 482 2333 nec
509 2303 587 2334 sine
612 2312 734 2334 causa.
763 2302 878 2334 Arist.
909 2302 960 2333 De
986 2303 1086 2333 coelo
1113 2302 1141 2340 1,
1168 2302 1201 2334 4.

348 2357 543 2395 eSSenll’a.
573 2361 770 2393 L'essenza
795 2370 815 2393 ο
841 2363 973 2392 natura
998 2359 1036 2392 di·
1061 2370 1135 2392 una
1159 2370 1244 2392 cosa
1267 2361 1468 2400 e,es1›ressa
1494 2361 1592 2392 nella
1616 2370 1682 2393 sua
1707 2360 1925 2392 definizioae
1951 2370 2029 2401 spe-

254 2420 371 2457 cifica,
396 2417 482 2462 (che
499 2420 670 2459 risponde
686 2420 762 2452 alla.
777 2420 959 2451 domanda
983 2419 1071 2459 qnid
1082 2418 1111 2460 ἓ)
1136 2419 1229 2450 onde
1254 2419 1285 2450 si
1305 2419 1385 2451 dice
1411 2428 1500 2459 pure
1525 2419 1725 2459 quidditas,
1751 2419 2029 2451 italianamente

253 2479 435 2521 quiddita,
463 2479 659 2519 quiditate.
685 2478 813 2512 Parad.
842 2478 909 2509 XX
935 2478 992 2515 92,
1018 2477 1138 2508 XXIV
1164 2477 1222 2510 66.

350 2534 511 2572 ultimus
526 2533 629 2577 finis
642 2533 927 2580 est...propr1·a
945 2532 1152 2570 essentiae
1165 2532 1359 2578 operatio.
1389 2535 1475 2567 Eth.
1496 2535 1577 2567 Nic.
1598 2536 1627 2576 Ι,
1646 2535 1787 2581 μισῇ-28
1813 2535 2028 2577 Quicunque

254 2597 338 2629 finis
363 2599 419 2629 est
444 2596 532 2629 talis
563 2596 660 2638 quod
685 2596 761 2627 alia
797 2596 966 2627 volumus
1002 2596 1150 2635 propter
1174 2604 1212 2626 se
1236 2595 1357 2635 ipsum
1384 2596 1420 2626 et
1445 2604 1515 2626 nou
1554 2596 1704 2636 propter
1739 2595 1884 2636 aliquid
1908 2594 2027 2634 aliud,

254 2656 318 2688 ille
345 2657 430 2687 finis
455 2665 526 2687 non
553 2655 670 2686 solum
695 2656 751 2686 est
783 2654 900 2686 bonus
924 2654 987 2685 sed
1013 2654 1221 2693 optimus...

348 2714 546 2747 Concludit
570 2723 657 2755 ergo
681 2713 862 2755 (Aristol.)
888 2713 1006 2753 primo
1023 2721 1068 2743 ex
1085 2712 1196 2744 dictis
1220 2712 1316 2752 quod
1342 2712 1546 2744 necessaria
1566 2713 1622 2744 est
1640 2711 1794 2753 homini,
1821 2719 1866 2743 ex
1882 2719 1954 2751 quo
1970 2711 2027 2742 est.

252 2774 389 2814 aliquis
414 2773 577 2814 optimus
602 2772 687 2804 finis
711 2781 831 2803 rerum
857 2771 1110 2811 humanarum,

1136 2771 1301 2811 cognitio
1326 2770 1406 2802 eius
1439 2770 1542 2813 (eott.
1571 2771 1671 2810 finis)
1710 2770 1798 2810 quia
1821 2769 1931 2800 habet
1956 2777 2027 2800 ma-

251 2842 364 2873 gnum
392 2833 655 2864 incrementum
673 2831 718 2862 ad
735 2831 865 2872 vitam,
893 2830 989 2862 idest
1014 2830 1169 2861 multum
1196 2829 1379 2862 auxilium
1405 2829 1547 2861 confert
1563 2828 1608 2861 ad
1626 2830 1741 2860 totam
1767 2827 1883 2859 vitam
1901 2826 2027 2859 hunia-

252 2901 347 2923 nam.
373 2891 402 2921 E
429 2891 497 2923 tali
523 2891 648 2931 parole
672 2891 792 2922 Dante
816 2899 933 2921 aveva
958 2888 1049 2921 letto
1073 2889 1189 2920 anche
1215 2889 1357 2920 nel‘De
1374 2888 1509 2920 finibus
1534 2887 1573 2919 di
1598 2887 1772 2918 Cicerone
1797 2886 1824 2918 1.
1852 2885 1877 2925 Ι,

346 2957 424 2984 Una
452 2946 599 2984 vicinia
626 2949 720 2991 (ital.
746 2949 952 2986 vicinanza)
978 2957 1048 2979 non
1075 2947 1304 2987 comprenda,
1329 2956 1430 2978 come
1454 2946 1559 2978 crede
1576 2946 1605 2977 il
1632 2945 1830 2989 Passerini,
1863 2945 1874 2976 ἰ
1901 2944 2025 2985 popoli

252 3009 402 3040 finitimi
428 3008 537 3040 male
564 3008 729 3048 famiglie
757 3008 889 3045 vicine,
915 3006 1131 3038 costituenti
1157 3016 1203 3037 un
1230 3006 1425 3046 quartiere,
1453 3014 1524 3036 una
1542 3003 1766 3045 parroechia,
1792 3013 1866 3035 una
1892 3003 2024 3035 fratria

252 3074 376 3108 greca.
