2248 3372
720 8 734 17 a
800 4 805 8 ,
841 2 902 21 ,κω
963 11 965 18 .
1055 0 1489 34 ‘mv-'vvae‘tsv’r
1515 0 1593 22 wss‘
1643 0 1645 3 ·
1758 0 1819 22 --,.2
1843 0 1922 8 ψ’»
1995 0 2014 8 τ
2035 2 2060 12 >⁴
2083 0 2097 5 -
2127 0 2138 2 *⁷
2179 0 2184 4 ·
2211 0 2217 3 ·

787 38 802 47 Γ
862 20 899 51 ζ’.
934 18 935 23 ’
967 26 1062 50 ,μὲι-Π
1114 19 1126 42 g
1218 19 1270 48 *f*
1366 19 1367 22 ’
1407 27 1423 43 ι,
1466 22 1469 23 ’
1535 37 1538 40 ,
1575 22 1587 30 Α·
1985 40 1988 43 ,

1033 143 1162 168 PARTE
1189 137 1215 167 i.
1926 135 1972 167 59

237 217 1158 237 WWMWWWM

230 307 454 351 Saracenis,
491 318 594 355 quae
629 307 760 345 statim
797 305 991 343 invidiosa
1019 316 1089 352 pet
1131 305 1267 343 orbem
1308 305 1528 349 videberis;
1572 306 1663 352 quia
1705 317 1877 352 sponsus
1914 309 2018 350 tuus,

231 373 360 411 mundi
387 373 568 412 solatium
596 373 638 409 et
663 371 791 419 gloria
819 371 946 417 plebis
974 372 1068 407 tuae
1097 370 1423 407 clementissimus
1451 370 1655 412 Henricus‚
1687 370 1800 408 divus
1829 373 1870 408 et
1890 370 2020 419 Augu-

230 440 317 476 stus
343 439 386 476 et
413 436 578 480 Caesar,
607 436 658 474 ad
685 436 842 482 nuptias
870 437 1095 482 properat...
1116 446 1162 479 »;
1191 446 1214 472 e
1243 434 1479 482 volgendosi
1509 435 1573 482 pin
1608 436 1950 481 particolarmente
1980 436 2016 474 al

229 504 371 541 senato
406 502 446 539 di
465 501 588 540 Roma
607 502 851 538 esclamava:
889 515 907 533 «
936 500 1131 548 Evigilate
1153 500 1270 548 igitur
1299 510 1437 537 omnes
1465 502 1507 537 et
1522 501 1720 547 assurgite
1750 502 1834 548 regi
1864 503 2015 543 vestro,

228 568 380 606 incolae
413 567 596 609 Latiales,
626 576 703 603 non
742 566 867 603 solum
903 566 974 602 sibi
1009 565 1059 602 ad
1098 565 1310 611 imperium,
1340 564 1412 602 sed
1449 567 1492 602 ut
1528 565 1638 602 liberi
1669 565 1718 601 ad
1748 567 1923 613 regimen
1953 577 2015 603 re-

229 632 379 670 servati
406 647 444 668 ».

334 696 405 734 Ma
432 696 575 743 perche
603 698 765 743 potesse
794 695 996 732 avverarsi
1025 697 1166 741 questa
1195 695 1475 732 conciliazione
1495 697 1556 732 tra
1576 694 1758 741 l’lmpero
1779 707 1801 732 e
1822 696 1845 732 il
1868 697 2014 742 popolo

227 760 384 799 d’ltalia
411 772 481 798 era
507 761 734 798 necessaria
775 759 942 797 un'altra
984 761 1264 797 conciliazione
1293 763 1355 797 tra
1384 761 1422 797 la
1451 759 1599 797 Chiesa
1628 771 1651 797 e
1680 759 1879 807 l'lmpero,
1901 762 2016 799 solle-

192 814 195 817 Δ
226 825 358 864 vando
385 826 424 863 la
453 825 599 863 Chiesa
627 825 689 862 dal
720 825 863 863 misero
892 827 1000 863 stato
1021 825 1058 862 in
1078 825 1200 885 cui‘si
1220 827 1400 862 trovava.
1430 825 1455 862 ll
1484 836 1559 862 suo
1589 836 1690 871 capo
1720 837 1850 862 aveva
1870 827 2014 863 abban·

227 889 376 928 donato
404 891 528 928 allora
555 891 595 927 la
622 890 719 927 sede
748 890 786 927 di
815 889 896 927 San
926 890 1060 927 Pietro
1089 901 1112 927 e
1141 890 1174 927 si
1203 901 1273 927 era
1301 901 1434 927 messo
1463 892 1572 927 sotto
1591 891 1616 926 il
1637 892 1848 937 patronato
1886 891 1949 927 dei
1970 902 2012 928 re

226 954 265 992 di
292 953 468 993 Francia.
497 954 587 1006 Non
615 956 646 993 si
676 966 798 992 erano
827 956 973 1010 accorti
997 955 1008 991 i
1034 955 1182 1001 pastori
1212 954 1316 992 della
1348 954 1496 992 Chiesa
1515 955 1599 998 che,
1621 956 1889 993 esautorando
1910 956 2013 992 l‘lm-

226 1030 336 1066 pero,
364 1019 683 1068 distogliendogli
712 1020 750 1057 le
778 1020 991 1066 provincie,
1021 1029 1132 1068 come
1161 1020 1194 1057 si
1223 1030 1293 1057 era
1321 1019 1423 1057 fatto
1451 1019 1662 1058 nell'ltalia
1691 1020 1959 1064 meridionale‚
1989 1032 2012 1058 e

226 1084 447 1122 favorendo
475 1086 511 1122 le
541 1085 746 1122 ambizioni
773 1084 957 1128 francesi,
987 1085 1185 1122 venivano
1214 1095 1238 1122 a
1266 1095 1448 1122 mancare
1477 1087 1561 1123 cosl
1581 1085 1645 1123 del
1665 1096 1763 1123 vero
1783 1089 1964 1132 patrono,
1989 1098 2012 1123 e

226 1150 440 1187 restavano
468 1150 542 1187 soli
571 1149 621 1187 ed
649 1150 850 1196 impotenti
879 1150 917 1186 di
945 1149 1078 1187 fronte
1098 1150 1175 1186 alle
1204 1153 1364 1196 pretese
1394 1150 1499 1187 della
1526 1152 1637 1188 corte
1668 1151 1883 1199 angioina?

335 1213 460 1251 Come
488 1214 525 1251 le
554 1215 757 1252 ambizioni
786 1215 969 1261 politiche
997 1225 1179 1252 avevano
1195 1215 1341 1252 ridotto
1357 1216 1380 1252 il
1397 1218 1544 1262 papato
1558 1216 1670 1262 quasi
1687 1226 1711 1253 a
1730 1216 2037 1264 schiavitf1,(1)'

226 1279 311 1316 cosi
352 1279 391 1316 la
431 1278 626 1326 cupidigia
665 1279 728 1316 dei
769 1279 859 1317 beni
887 1280 1033 1317 terreni
1075 1290 1206 1317 aveva
1247 1281 1490 1318 accresciuto
1528 1281 1552 1317 il
1583 1282 1799 1318 malessere
1837 1282 2011 1325 interno;

225 1343 280 1391 gli
299 1342 423 1380 ordini
451 1343 637 1391 religiosi,
666 1344 738 1381 che
766 1355 948 1382 avevano
964 1355 1035 1391 per
1048 1345 1171 1382 breve
1201 1347 1332 1391 tempo
1360 1345 1558 1383 sollevato
1578 1346 1615 1383 le
1636 1346 1854 1383 condizioni
1876 1348 2011 1384 morali

225 1407 330 1445 della
357 1407 505 1445 Chiesa
532 1419 654 1446 erano
682 1409 719 1446 in
749 1409 865 1455 piena
897 1409 1124 1446 decadenza
1153 1421 1175 1447 e
1205 1410 1498 1448 minacciavano
1535 1411 1686 1448 rovina.
1717 1411 1793 1448 Per
1831 1412 2007 1449 risanare

224 1472 264 1520 la
292 1471 450 1515 Chiesa,
479 1483 550 1519 per
576 1475 736 1511 tornare
765 1475 843 1511 alla
870 1475 953 1511 vita
981 1485 1131 1520 povera
1159 1486 1182 1512 e
1211 1475 1396 1521 semplice
1422 1476 1644 1523 bisognava
1663 1476 1734 1512 che
1756 1477 1779 1513 il
1802 1476 2009 1514 Pontefice
2050 1499 2051 1502 =

224 1537 465 1575 rinunciasse
494 1539 570 1575 alle
599 1549 671 1576 sue
700 1539 903 1576 ambizioni
942 1540 1125 1585 politiche
1164 1551 1187 1576 e
1223 1540 1277 1587 gli
1315 1541 1572 1578 ecclesiastici
1611 1542 1965 1578 amministrassero
1996 1542 2006 1578 i
2054 1570 2055 1575 ,

224 1601 314 1639 beni
342 1603 668 1640 esclusivamente
698 1614 722 1640 a
749 1603 889 1641 favore
918 1603 982 1641 dei
1011 1605 1160 1650 poveri,
1190 1605 1428 1642 liberandosi
1466 1607 1550 1642 cosi
1588 1606 1624 1642 di
1665 1617 1714 1642 un
1746 1606 1874 1643 carico
1905 1607 2006 1652 peri·
2054 1599 2055 1624 ἒ

225 1667 366 1704 coloso
395 1677 465 1712 per
492 1668 531 1704 la
558 1668 678 1705 barca
705 1667 743 1704 di
772 1667 853 1705 San
883 1668 1031 1706 Pietro.
2051 1659 2054 1662 Α

332 1729 516 1768 Soltanto
545 1732 701 1778 quando
756 1733 809 1780 gli
838 1733 980 1770 uomini
1022 1733 1180 1771 fossero
1222 1736 1400 1780 persuasi
1439 1735 1543 1772 della
1572 1737 1770 1773 necessita
1799 1736 1836 1773 di
1866 1739 2009 1782 questo

224 1795 521 1833 rinnovamento
550 1797 698 1834 morale
726 1808 750 1834 e
771 1797 816 1834 'di
844 1800 986 1844 questa
1013 1800 1305 1842 conciliazione,
1336 1801 1374 1837 la
1398 1811 1496 1846 pace
1525 1801 1698 1838 avrebbe
1729 1803 1868 1847 potuto
1897 1802 2010 1838 ritor-

225 1869 320 1898 nare
339 1860 440 1898 sulla
467 1862 585 1903 terra,
616 1873 638 1898 e
667 1862 770 1899 colla
798 1873 896 1908 pace
926 1863 963 1900 la
995 1864 1189 1911 giustizia.

320 3063 373 3107 (1)
398 3065 439 3098 E.
465 3066 590 3100 Gorra.
618 3067 664 3100 D.
693 3078 712 3099 e
739 3068 928 3101 Clemente
952 3069 997 3102 V.
1023 3069 1150 3103 Giorn.
1177 3072 1271 3103 Stor.
1302 3072 1399 3106 Lett.
1431 3072 1477 3104 lt.
1512 3073 1598 3104 1917
1627 3083 1660 3113 p.
1690 3075 1754 3105 193
1782 3085 1863 3114 ,εκ-μ.
