2248 3372
236 281 324 330 nem
351 272 665 340 postponendam
695 313 744 319 —-
774 290 893 349 -Czuod
922 292 955 328 si
975 290 1091 328 tradi-

235 347 369 390 tione‘s,
394 351 596 390 Ecclesiae
624 352 716 398 post
744 351 961 388 Ecclesiam
985 352 1087 393 sunt,

235 413 279 449 ut
306 410 544 448 declaratum
573 412 646 454 est,
662 420 828 447 necesse
849 412 922 452 est,
945 410 986 446 ut
1009 420 1087 446 non

237 463 438 502 Ecclesiae
466 474 491 500 a
518 463 804 506 traditionibus,
834 462 908 500 sed
937 463 985 500 ab
1017 463 1088 500 Ec-

235 523 357 566 clesia
374 516 648 560 traditionibus
677 522 841 559 accedat
861 521 1087 559 auctoritas.

236 581 376 628 Hiique
409 582 520 632 solas
548 580 780 623 traditiones
808 581 1012 624 habentes,
1038 581 1087 618 ab

234 635 320 678 hoc,
367 637 410 672 ut
450 634 664 678 dicebatur,
710 635 915 682 gymnasio
962 635 1089 672 exclu-

235 687 351 732 dendi
379 690 482 731 s'unt.
511 693 684 740 Oportet
715 694 816 731 enim
853 694 953 731 banc
990 694 1089 731 veri-

234 755 355 808 tatem
400 754 606 796 venantes,
652 764 702 790 ex
746 753 805 795 iis,
853 764 902 790 ex
948 754 1088 800 quibus

236 811 437 850 Ecclesiae
479 814 611 850 manat
648 813 884 855 auctoritas,
931 812 1102 850 investi?

233 865 366 913 gando
394 865 623 912 procedere.
654 865 725 902 His
761 866 894 912 itaque
932 866 988 904 sic
1025 877 1088 903 ex-

233 923 363 968 clusis,
383 925 627 962 excludendi
670 927 762 962 sunt
791 926 866 967 alii,
896 925 972 972 qui,
1001 937 1087 963 cor-

233 994 370 1021 vorum
411 984 550 1030 plumis
593 985 732 1030 operti,
767 995 868 1022 oves
909 985 1022 1022 albas
1050 985 1086 1022 in

233 1046 357 1085 grege
387 1037 541 1075 Domini
570 1049 615 1074 se
644 1039 802 1074 iactant.
824 1038 872 1074 Hi
902 1041 993 1075 sunt
1020 1039 1087 1075 im-

234 1095 392 1142 pietatis
419 1095 499 1139 filii,
513 1097 595 1143 qui,
619 1094 663 1133 ut
679 1095 835 1144 flagitia
854 1108 926 1134 sua
946 1098 1087 1144 exequi

233 1155 397 1200 possint,
445 1158 606 1192 matrem
648 1157 898 1202 prostituunt,
943 1156 1088 1194 fratres

233 1209 442 1254 expellunt,
473 1211 514 1246 et
541 1209 708 1255 denique
737 1210 901 1247 iudicem
938 1211 1086 1248 habere

232 1260 384 1304 nolunt,
411 1267 508 1305 Nam
537 1279 605 1305 cur
634 1268 684 1305 ad
713 1279 786 1307 eos
806 1270 907 1307 ratio
927 1280 1088 1317 quaere—

232 1321 350 1363 retur,
379 1331 465 1358 cum
494 1332 567 1359 sua
587 1322 799 1368 cupiditate
819 1323 968 1360 detenti
984 1324 1088 1380 prin-

232 1379 339 1426 cipia>
359 1390 437 1417 non
470 1380 680 1430 viderent?
709 1381 964 1429 Quapropter
982 1393 1085 1420 curn

230 1433 328 1470 solis
355 1435 598 1471 concertatio
644 1437 781 1477 restat,
824 1436 900 1482 qui,
930 1436 1086 1482 aliquali

231 1492 320 1530 zelo
360 1503 459 1540 erga
501 1495 664 1530 matrem
707 1494 922 1532 Ecclesiam
969 1495 1086 1539 ducti,

230 1545 353 1591 ipsam
381 1556 484 1592 quae
514 1547 713 1593 quaeritur
740 1548 946 1585 veritatem
976 1549 1086 1596 igno-

231 1605 330 1641 rant.
347 1602 447 1642 Cum
462 1605 602 1651 quibus
622 1605 686 1644 illa
705 1608 928 1644 reverentia
947 1607 1085 1649 fretus,

187 1663 190 1669 ·
231 1666 345 1710 quam
390 1658 478 1703 pius
521 1657 626 1695 filius
671 1658 790 1696 debet
832 1661 944 1706 patri,
971 1671 1086 1707 quam

230 1715 318 1761 pius
357 1715 462 1754 filius
502 1718 626 1760 matri,
665 1719 751 1765 pius
793 1720 830 1756 in
875 1719 1084 1764 Christum,

230 1774 318 1821 pius
345 1775 382 1812 in
413 1775 639 1820 Ecclesiam,
669 1778 755 1824 pius
792 1779 828 1815 in
869 1778 1084 1822 Pastorem,

139 1863 150 1871 ,
216 1827 316 1876 ”pius
343 1829 381 1865 in
411 1839 548 1867 omnes
576 1831 822 1868 christianam
855 1833 1084 1880 religionem

229 1886 475 1932 profitentes,
505 1899 576 1934 pro
603 1890 731 1926 salute
753 1891 933 1928 veritatis
953 1892 989 1928 in
1010 1892 1084 1929 hoc

229 1939 327 1978 libro
355 1943 551 1979 certamen
581 1939 733 1990 incipio.

1029 125 1159 152 rann
1183 97 1228 151 112

1162 289 1296 336 duopo
1338 290 1410 327 che
1453 300 1531 327 non
1574 300 1704 337 venga
1742 290 1914 327 autorita
1943 272 2055 331 alla,-

1165 341 1314 380 Chiesa
1328 342 1432 380 dalle
1448 342 1651 380 tradizioni
1672 354 1734 380 ma
1753 343 1859 380 dalla
1874 342 2022 381 Chiesa

1164 397 1240 434 alle
1282 396 1498 439 tradizioni‚
1529 407 1551 433 e
1594 397 1666 434 che
1709 397 1845 434 coloro
1887 396 1959 434 che
1987 397 2021 434 si

1167 458 1385 503 attengono
1414 456 1490 493 alle
1534 456 1619 493 sole
1662 456 1879 499 tradizioni‚
1907 455 2020 493 siano

1167 509 1322 553 esclusi‚
1339 520 1450 546 come
1461 509 1647 552 dicevasi,
1660 509 1710 546 da
1725 512 1867 555 questo
1878 518 2021 557 agone;

1163 569 1393 614 perciocche
1413 569 1605 619 conviene
1626 579 1650 605 a
1669 569 1728 606 chi
1748 579 1799 605 va
1818 569 1855 605 in
1876 569 2022 605 traccia

1163 621 1268 659 della
1310 623 1437 659 verita
1467 621 1696 668 vprocedere
1743 621 2020 669 investigando

1162 681 1213 718 da
1254 682 1386 727 quello
1428 681 1478 718 da
1520 682 1580 718 cui
1623 682 1812 727 proviene
1851 682 2021 718 autorita

1154 735 1240 771 »alla
1270 734 1430 772 Chiesa.
1461 735 1613 782 Esclusi
1642 737 1814 778 eostoro‚
1845 746 1946 772 sono
1970 735 2021 772 da

1163 794 1379 831 escludersi
1409 805 1504 840 pure
1538 795 1591 842 gli
1633 795 1719 831 altri
1757 795 1840 838 che,
1870 794 2020 840 coperti

1163 847 1266 885 delle
1314 858 1442 894 penne
1489 847 1526 884 di
1573 858 1707 890 corvo,
1758 849 1790 885 si
1846 850 2020 890 vantano

1163 900 1200 937 d‘
1212 912 1350 938 essere
1379 901 1544 938 candide
1583 912 1728 947 pecore
1766 901 1830 938 nel
1867 912 2019 948 gregge

1162 954 1225 992 del
1255 954 1437 1003 Signore.
1468 954 1644 992 Costoro
1687 966 1786 992 sono
1826 954 1908 1002 figli
1937 954 2020 991 del-

1162 1014 1383 1060 l'empieta,
1413 1015 1484 1051 che
1527 1025 1597 1060 per
1638 1016 1835 1061 complere
1879 1015 1889 1050 i
1932 1015 2019 1051 loro

1161 1067 1334 1110 misfatti,
1364 1067 1671 1114 prostituiscono
1700 1069 1738 1105 la
1766 1068 1912 1109 madre,
1933 1078 2019 1104 cac-

1161 1122 1275 1158 013ηο
1317 1122 1382 1158 via
1424 1122 1434 1158 i
1478 1121 1621 1158 fratelli
1652 1133 1674 1158 e
1713 1132 1791 1159 non
1830 1122 2018 1169 vogliono

1160 1174 1280 1212 infine
1301 1175 1414 1212 alcun
1442 1175 1609 1223 giudice.
1631 1175 1780 1212 Perche
1809 1175 2019 1222 ragionare

1161 1245 1243 1271 con·
1266 1235 1364 1277 loro,
1394 1245 1451 1277 se,
1482 1234 1666 1271 dominati
1687 1234 1792 1271 dalla
1811 1234 2017 1281 cupidigia,

1160 1298 1237 1324 non
1259 1287 1416 1324 vedono
1437 1289 1447 1324 i
1468 1288 1641 1334 principii
1653 1288 1715 1325 del
1727 1288 1852 1325 vero'?
1879 1287 2017 1324 Percib

1161 1342 1199 1377 13
1237 1342 1512 1378 controversia
1551 1342 1698 1378 rimane
1740 1342 1915 1378 soltanto
1944 1350 2044 1378 con·

1163 1395 1280 1441 quelli
1310 1395 1380 1431 che
1398 1395 1516 1432 mossi
1533 1395 1584 1432 da
1599 1406 1649 1432 un
1665 1397 1775 1432 certo
1791 1396 1879 1432 zelo
1895 1405 1965 1440 per
1980 1395 2018 1430 la

1161 1453 1302 1490 Madre
1332 1453 1491 1497 Chiesa,
1520 1465 1597 1491 non
1627 1465 1854 1492 conoscono
1882 1455 1921 1491 13
1949 1464 2017 1491 ve-

1159 1508 1244 1550 rita,
1261 1507 1365 1544 della
1379 1508 1494 1554 quale
1505 1508 1538 1544 si
1549 1519 1600 1545 va
1615 1508 1652 1544 in
1669 1507 1794 1545 cerea.
1812 1507 1965 1545 Contro
1979 1507 2016 1544 di

1159 1560 1258 1603 loro,
1287 1560 1450 1598 fidando
1479 1561 1515 1597 in
1545 1562 1675 1607 quella
1712 1562 1917 1598 riverenza
1945 1561 2016 1598 che

1163 1624 1213 1650 un
1243 1614 1309 1660 pio
1338 1614 1517 1662 figliuolo
1547 1615 1649 1652 deve
1679 1615 1715 1651 31
1745 1615 1867 1661 padre
1896 1626 1919 1651 e
1940 1614 2017 1651 alla

1161 1673 1306 1717 madre,
1349 1675 1413 1720 pio
1459 1684 1579 1710 verso
1628 1673 1773 1716 Cristo,
1811 1684 1932 1711 verso
1978 1674 2017 1711 la

1161 1725 1320 1770 Chiesa,
1350 1737 1469 1764 verso
1499 1727 1522 1764 11
1545 1727 1724 1771 Pastore,
1745 1739 1768 1764 e
1787 1738 1908 1764 verso
1927 1728 2016 1764 tutti

1161 1781 1278 1826 quelli
1309 1781 1380 1830 che
1410 1780 1646 1826 professano
1676 1782 1714 1818 la
1733 1782 1924 1829 religione
1945 1781 2016 1818 cri-

1159 1839 1298 1882 stiana,
1336 1850 1407 1886 per
1444 1841 1481 1877 13
1518 1841 1702 1877 salvezza
1744 1840 1847 1877 della
1888 1841 2016 1877 verita

1162 1892 1213 1929 do
1243 1894 1431 1940 principio
1461 1894 1538 1930 alla
1567 1894 1642 1930 mia
1671 1894 1770 1931 lotta
1807 1894 1844 1930 in
1873 1896 2015 1940 questo

1095 1975 1103 1993 v,
1160 1946 1271 1983 libro.

316 2149 468 2192 fratres
491 2152 701 2197 expellunt,
727 2166 813 2196 pare
839 2157 906 2189 0113
931 2167 999 2219 oon
1025 2159 1151 2199 queste
1175 2159 1303 2199 parole
1330 2159 1362 2190 si
1390 2159 1508 2192 iaooia
1533 2159 1717 2192 allusione
1735 2160 1807 2192 alle
1827 2159 2011 2202 frequenti

229 2209 588 2254 soomuniohe‚eome
612 2214 646 2246 le
671 2216 881 2255 precedenti
908 2226 927 2248 <a
946 2219 1099 2249 matrem
1125 2219 1357 2258 prostituunt
1374 2229 1391 2249 »
1422 2219 1599 2252 alludouo
1624 2219 1699 2251 allo
1725 2219 1903 2252 sfaooiat-,o
1922 2230 2010 2252 mer-

229 2269 388 2303 oimonio
404 2271 471 2304 ohe
498 2273 531 2304 si
558 2273 685 2306 faeeva
710 2274 807 2307 delle
833 2284 915 2308 cose
942 2284 1056 2309 suere.

706 2345 766 2378 Ma
790 2346 971 2379 Vatioano
996 2357 1015 2379 e
1042 2347 1163 2380 l’altre
1187 2349 1287 2389 parti
1312 2349 1433 2381 olette·

755 2405 803 2437 Di
829 2405 943 2438 Roma
968 2406 1034 2439 ohe
1060 2416 1125 2439 son
1151 2409 1246 2440 state
1269 2408 1438 2440 cimitero

752 2464 783 2496 A
810 2465 847 2497 la
872 2465 1014 2498 milizia
1038 2466 1106 2498 ohe
1132 2466 1256 2499 Pietro
1281 2469 1461 2509 seguotte,

700 2523 812 2556 Tosto
838 2523 952 2556 libere
977 2524 1049 2557 fien
1076 2524 1346 2558 dell’adultero.

1180 2585 1310 2619 Pal-ad.
1341 2585 1405 2625 IX,
1436 2586 1527 2618 139-
1543 2586 1623 2622 142.

321 2646 391 2685 ΙΙΙε
415 2649 636 2687 reverentia
656 2648 824 2693 fretus...
852 2654 930 2689 Ofr.
959 2655 1070 2696 Purg.
1097 2655 1125 2695 Ι,
1153 2656 1198 2687 32
1212 2674 1223 2679 -
1237 2655 1282 2688 33

700 2723 828 2765 Degno
853 2724 893 2757 di
917 2726 1023 2758 tanta
1048 2727 1258 2758 revetenzia
1282 2727 1320 2758 in
1347 2727 1446 2759 vista

748 2782 824 2815 Che
849 2783 914 2824 pih
940 2793 1012 2816 non
1038 2785 1104 2817 dee
1129 2795 1150 2816 a.
1175 2787 1278 2826 patre
1305 2785 1413 2818 aleun
1440 2785 1621 2827 figliuow.

2056 2115 2068 2132 ἲ
