2248 3372
338 18 343 23 ,
448 14 457 25 λ,
467 0 890 46 ,ἛΨἫἭᾞΨἏἿἯ
907 0 1034 16 ’,“”-’(““·““““’
1043 6 1059 19 ·>
1070 0 1088 9 Τ
1106 0 1112 5 “
1123 0 1143 6 ⁷'
1154 9 1162 16 ,ι

316 49 342 70 ²33
447 51 462 60 v.
523 51 526 54 ,
677 51 683 54 .
755 46 768 55 -,

352 95 399 113 ,χ-

237 220 1499 239 WMMWMWWAM

221 317 376 364 legibus
403 314 678 357 differentibus
702 313 874 360 regulari
904 313 1077 357 oportet.

225 375 295 412 Est
321 375 422 412 enim
459 374 523 410 lex
558 373 696 420 regula
734 371 924 408 directiva
957 370 1076 417 vitae.

223 434 347 471 Aliter
364 434 506 480 quippe
526 431 695 478 regulari
724 431 885 476 oportet
908 428 1079 476 Scythas

222 487 426 534 quiextra
454 486 658 531 septimum
686 484 799 520 clima
825 483 1008 520 viventes
1037 484 1079 518 et
1109 480 1112 559 u

224 556 400 593 magnam
429 545 576 582 dierum
614 546 655 579 et
692 543 862 579 noctium
892 543 1078 587 inaequa-
1109 561 1111 592 l

208 599 369 650 ,litatem
422 598 629 644 patientes,
683 595 918 632 intolerabili
965 595 1112 640 quasi}

222 658 359 705 algore
401 656 559 703 frigoris
601 658 836 702 premuntur,
881 656 922 691 et
965 654 1111 690 alitert

223 710 495 751 Garamantes,
524 710 586 755 qui
607 710 680 746 sub
710 707 986 754 aequinoctiali
1010 707 1077 743 ha·
1109 692 1112 732 Ῐ

221 769 392 806 bstantes
419 772 461 806 et
489 769 746 814 coaequatam
778 778 934 812 semper
954 767 1077 802 lucem

221 822 395 860 diurnam
424 822 551 859 noctis
583 822 758 858 tenebris
787 821 992 862 habentes,
1024 820 1076 856 ob

222 886 358 918 aestus
404 882 508 918 aeris
559 881 796 917 nimietatem
852 879 1075 916 vtstimenti

223 941 365 987 operiri
402 950 480 976 non
519 942 695 986 possunt.
733 939 816 976 Sed
850 939 905 975 sic
945 938 1080 974 intelli-

223 999 391 1046 gendum
420 1001 494 1039 est,
532 1001 575 1035 ut
611 999 815 1035 humanum
854 1008 981 1045 genus
1015 1008 1077 1033 se-

224 1052 388 1089 cundum
407 1063 479 1089 sua
508 1052 735 1094 communia,
766 1062 867 1097 quae
897 1051 1075 1087 omnibus
1114 1075 1116 1084 ,

225 1113 461 1156 competunt,
482 1111 530 1147 ab
551 1121 602 1147 eo
622 1113 795 1157 regatur,
826 1112 867 1146 et
887 1109 1078 1146 communi
1114 1118 1115 1133 ¹

224 1164 363 1212 regula
398 1164 638 1211 gubernetur
677 1163 725 1200 ad
764 1173 911 1209 pacem.
952 1162 1079 1207 Quam

225 1222 377 1269 quidem
406 1223 592 1269 regulam,
632 1224 717 1260 sive
747 1224 887 1270 legem,
918 1222 1082 1268 particu-

224 1282 328 1318 lares
357 1281 551 1328 principes
570 1283 620 1318 ab
641 1293 691 1319 eo
712 1282 888 1327 recipere
920 1280 1077 1330 debent,

225 1343 407 1386 tanquam
438 1341 659 1378 intellectus
688 1341 885 1386 practicus
914 1340 964 1376 ad
993 1350 1082 1376 con·
1114 1363 1117 1382 ,

223 1393 435 1430 elusionem
465 1394 707 1439 operativam
729 1394 868 1439 recipit
896 1393 1081 1430 maiorem
1114 1385 1117 1427 Ῐ

223 1452 530 1499 propositionem
541 1453 591 1490 ab
603 1453 804 1490 intellectu
821 1453 1080 1498 speculativo,
1114 1443 1117 1492 ᾗ

223 1513 264 1548 et
282 1512 355 1548 sub
380 1511 446 1548 illa
475 1512 759 1557 particularem,
789 1522 890 1558 quae
923 1511 1080 1558 proprie
1114 1493 1117 1537 i

225 1579 296 1606 sua
324 1571 397 1612 est,
428 1571 601 1612 assumit,
640 1575 681 1607 et
714 1571 1004 1616 particulariter
1031 1570 1082 1606 ad

225 1623 492 1668 operationem
533 1623 740 1660 concludit.
795 1623 843 1660 Et
882 1624 957 1660 hoc
1004 1634 1082 1660 non
1115 1629 1118 1672 ξ

226 1681 349 1717 solum
387 1682 573 1727 possibile
611 1685 673 1718 est
710 1683 773 1718 uni
814 1682 887 1719 sed
916 1693 1082 1719 necesse
1115 1683 1118 1738 1

225 1734 365 1771 est'ab
394 1745 472 1771 uno
500 1735 728 1780 procedere,
767 1737 809 1772 ut
841 1736 966 1772 omnis
995 1746 1084 1772 con-

226 1791 329 1829 fusio
358 1792 407 1830 de
437 1794 630 1839 principiis
660 1795 948 1831 universalibus
977 1793 1084 1831 aufe·
1115 1804 1117 1840 1

225 1846 342 1882 ratur.
386 1845 470 1883 Hoc
513 1847 628 1883 etiam
672 1847 818 1884 factum
861 1847 984 1884 fuisse
1013 1858 1083 1893 per
1115 1844 1118 1941 ²

225 1905 347 1950 ipsum
368 1905 450 1950 ipse
481 1906 645 1953 Moyses
674 1907 710 1942 in
732 1907 822 1954 lege
852 1907 1080 1944 conscribit:

225 1963 287 2009 qui
317 1965 526 2010 assumptis
563 1966 789 2010 primatibus
824 1966 874 2002 de
904 1966 1083 2003 tribubus
1115 1943 1117 2010 ἓ

1059 30 1089 43 ⁷>
1147 34 1150 36 ,

1024 147 1154 171 PARTE
1180 146 1225 170 11.
1534 160 1536 162 >
1586 136 1590 140 “
1901 135 1965 166 121

1710 218 1823 229 VAA.A
1831 218 2016 230 nxz-xm

1152 321 1284 347 vanno
1299 309 1480 356 regolate
1496 308 1547 345 da
1563 308 1668 356 leggi
1680 308 1852 348 diverse,
1868 307 2012 352 perche

1154 369 1280 405 infatti
1302 370 1339 405 la
1368 369 1487 415 legge
1508 369 1531 404 ὲ
1556 378 1633 404 una
1663 367 1802 414 regola
1831 365 2016 402 direttiva

1154 422 1259 459 della
1277 422 1377 465 vita;
1407 421 1588 458 cosicche
1609 420 1899 456 diversamente
1929 429 2017 455 con-

1153 482 1270 518 viene
1313 481 1384 518 che
1422 481 1454 517 si
1496 480 1676 526 regolino
1705 480 1758 526 gli
1801 477 1908 520 Sciti,
1943 478 2014 514 che

1153 535 1302 572 vivono
1332 535 1368 570 al
1398 533 1435 570 di
1466 534 1503 570 la
1532 533 1595 569 del
1636 533 1795 569 settimo
1826 532 1936 568 clima
1966 531 2015 567 ed

1153 595 1287 631 hanno
1306 592 1456 640 grande
1486 592 1810 639 disuguaglianza
1830 591 1867 627 di
1888 591 2015 637 giorni

1154 664 1176 690 e
1206 653 1303 689 notti
1332 663 1356 688 e
1385 663 1486 689 sono
1531 651 1758 688 tormentati
1788 650 1838 686 da
1867 651 2018 686 intolle-

1155 712 1276 749 rabile
1307 711 1504 758 rigidezza
1529 710 1565 746 di
1604 709 1761 752 freddo,
1793 720 1814 746 e
1845 710 2018 745 diversa-

1156 769 1285 802 mente
1315 765 1324 801 i
1357 764 1585 801 Garamanti
1618 764 1688 800 che
1719 764 1878 799 abitano
1909 765 2016 799 sotto

1154 825 1177 860 il
1203 825 1304 861 cielo
1334 824 1578 870 equinoziale
1608 823 1658 859 ed
1678 823 1807 859 hanno
1838 832 1914 858 una
1930 822 2015 858 luce

1155 878 1299 914 diurna
1327 877 1364 914 di
1394 878 1510 924 egual
1550 876 1690 912 durata
1719 875 1822 912 delle
1852 875 2015 912 tenebre

1154 939 1350 978 notturne,
1381 947 1403 972 e
1447 947 1517 982 per
1559 936 1583 971 il
1630 935 1838 972 soverchio
1882 935 2015 970 calore

1155 995 1344 1041 dell'aria
1378 1006 1454 1032 non
1486 1005 1662 1041 possono
1695 993 1855 1031 soffrire
1887 994 1921 1029 le
1952 1004 2016 1029 ve-

1155 1055 1351 1092 stimenta.
1391 1054 1460 1090 Ma
1488 1054 1655 1100 bisogna
1685 1052 1889 1088 intendere
1919 1053 2015 1094 cosi,

1156 1109 1226 1144 che
1258 1107 1403 1144 l‘uman
1419 1118 1568 1154 genere
1589 1107 1704 1143 viene
1725 1110 1829 1142 retto
1850 1107 1914 1142 dal
1936 1116 2015 1142 mo-

1157 1177 1275 1203 narca
1308 1166 1484 1203 secondo
1523 1166 1558 1202 le
1598 1166 1749 1202 comuni
1779 1175 1913 1201 norme
1942 1165 2015 1201 che

1157 1225 1391 1262 s’adattano
1422 1236 1444 1261 a
1474 1225 1562 1261 tutti
1596 1235 1619 1261 e
1648 1235 1722 1261 con
1766 1234 1930 1261 comune
1960 1234 2018 1259 re-

1156 1286 1250 1332 gola
1270 1287 1292 1321 e
1313 1285 1458 1321 diretto
1476 1285 1553 1321 alla
1573 1295 1683 1330 pace.
1705 1284 1861 1329 Questa
1881 1293 2017 1320 norma

1157 1350 1181 1375 o
1210 1340 1351 1384 questa
1372 1339 1489 1385 legge
1519 1338 1677 1382 devono
1707 1338 1715 1373 i
1747 1337 1907 1383 principi
1934 1347 2018 1382 par-

1156 1398 1307 1434 ticolari
1338 1391 1530 1434 rice'verla
1559 1396 1610 1433 da
1639 1397 1702 1439 lui,
1733 1408 1844 1434 come
1875 1395 2017 1432 l’intel-

1158 1458 1255 1494 letto
1273 1457 1423 1503 pratico
1444 1467 1515 1502 per
1531 1457 1568 1493 la
1589 1456 1841 1493 conclusione
1862 1455 2018 1502 (finale)

1161 1517 1367 1562 operativa
1396 1516 1527 1552 riceve
1550 1516 1588 1551 la
1608 1515 1885 1560 proposizione
1916 1525 2019 1561 mag-

1160 1570 1272 1616 giore
1289 1569 1578 1606 dall‘intelletto
1594 1569 1852 1614 speculativo,
1869 1579 1891 1604 e
1909 1569 2016 1604 sotto

1159 1629 1198 1665 la
1218 1629 1419 1675 maggiore
1450 1638 1606 1664 assume
1630 1628 1668 1663 la
1688 1628 1923 1673 particolare
1944 1637 2017 1664 sua

1160 1682 1317 1727 propria
1346 1693 1368 1718 e
1399 1682 1460 1717 dal
1500 1681 1735 1726 particolare
1765 1683 1849 1717 trae
1884 1681 1948 1726 poi
1978 1681 2016 1716 la

1161 1741 1412 1778 conclusione
1451 1741 1501 1777 ad
1535 1750 1714 1786 operare.
1745 1739 1902 1785 Questo
1937 1749 2014 1776 non

1161 1795 1249 1831 solo
1270 1796 1292 1831 e
1313 1795 1500 1840 possibile
1521 1793 1571 1830 ad
1591 1804 1669 1830 uno
1693 1794 1880 1836 soltanto‚
1911 1803 1972 1830 ma
1992 1795 2014 1829 e

1161 1849 1389 1884 necessario
1405 1848 1476 1884 che
1485 1847 1666 1894 ‚proceda
1676 1847 1727 1884 da
1738 1857 1816 1884 uno
1827 1847 2014 1887 soltanto‚

1159 1906 1329 1944 affinche
1354 1908 1413 1944 sia
1441 1907 1540 1943 tolta
1569 1907 1661 1953 ogni
1691 1906 1923 1943 confusione
1954 1907 2013 1942 sui

1160 1966 1319 2012 principi
1348 1967 1536 2013 generali.

319 2172 540 2218 5epfflmum
566 2174 698 2211 clima.
727 2177 1010 2218 Dall’equatore
1035 2178 1071 2209 al
1099 2178 1183 2218 polo
1208 2178 1498 2219 distinguevauo
1515 2178 1570 2219 gli
1592 2178 1734 2210 antichi
1758 2165 2012 2220 ventiquattro

227 2234 341 2266 olimi.
367 2235 481 2266 ConV.
508 2235 576 2273 111,
605 2237 637 2267 5:
663 2236 780 2268 credo
805 2236 871 2268 che
896 2239 1027 2277 questo
1051 2237 1254 2270 carehim...
1281 2237 1517 2269 dividerebbe
1543 2240 1673 2279 (mesta
1715 2239 1813 2269 terra
1845 2239 2015 2278 scoperta

226 2292 285 2325 dal
314 2303 411 2325 mare
437 2293 580 2326 Oooano
608 2294 641 2325 lii
667 2294 726 2326 nel
753 2295 926 2337 niezzodi,
955 2296 1059 2339 quasi
1088 2305 1151 2336 per
1187 2298 1287 2328 tutta.
1325 2296 1348 2328 1’
1365 2297 1556 2329 estromita
1593 2296 1653 2329 del
1690 2298 1811 2337 primo
1850 2297 2013 2336 climate,

227 2352 319 2384 dove
344 2362 433 2384 sono
459 2353 496 2384 in
524 2353 580 2385 fra.
605 2353 725 2385 vair-re
749 2354 852 2394 genti
880 2354 907 2386 li
934 2354 1147 2387 Garamanti
1191 2355 1257 2386 ohe
1295 2358 1427 2387 stanno
1466 2356 1571 2397 qnasi
1612 2366 1753 2396 sempr-e
1793 2357 1895 2390 nudi.
1937 2356 2014 2389 Cfr.

228 2410 357 2444 Parad.
383 2411 523 2443 XXVII
551 2414 610 2444 81.
639 2412 681 2444 Ε.
710 2413 845 2445 Moore.
877 2414 926 2445 La
952 2413 1143 2455 Geografia
1169 2414 1206 2446 di
1236 2415 1368 2448 Dante.
1398 2415 1564 2455 Firenze,
1594 2415 1697 2449 1904.

319 2467 522 2514 [amquam
547 2468 778 2507 inlellecfflls
797 2470 1008 2515 pracflcus
1031 2470 1108 2508 elc-
1138 2474 1381 2506 particularis
1406 2475 1623 2515 propositio,
1639 2475 1798 2506 alterum
1813 2475 2013 2515 sillogismi

226 2529 438 2571 membrum,
467 2531 561 2570 quod
590 2532 719 2563 maiori
746 2532 990 2572 propositioni
1015 2533 1226 2573 sublinitur,
1253 2543 1325 2565 nou
1352 2535 1406 2565 est
1447 2534 1660 2566 intellectus
1687 2534 1911 2573 speculativi
1950 2533 2014 2565 sed

226 2589 378 2628 praeclui
406 2588 452 2620 ad
478 2598 586 2630 quam
609 2590 699 2627 sola,
725 2591 831 2631 quasi
856 2591 891 2622 ei
918 2592 1077 2632 propria,
1103 2594 1260 2634 spectat,
1288 2602 1401 2633 quum
1430 2602 1493 2633 per
1519 2592 1794 2624 oorrolusionem
1813 2593 1858 2624 ad
1874 2592 1911 2623 id
1939 2594 2014 2624 tan-

227 2647 290 2679 dut
317 2649 357 2678 ut
384 2647 429 2678 ad
455 2649 703 2687 operationem
730 2651 969 2690 perveniatur
997 2649 1158 2693 (Witte).

319 2702 464 2748 recipi!
487 2703 734 2742 mal’orem....
766 2707 816 2740 La.
842 2717 1024 2748 premessa
1050 2710 1239 2750 maggior-e
1275 2710 1295 2741 ὸ
1334 2719 1407 2741 una
1446 2710 1567 2742 verita
1605 2711 1843 2742 assiomatioa
1879 2720 1900 2742 o
1936 2709 2014 2754 tale

226 2763 273 2797 da
298 2761 468 2797 rivelarsi
483 2765 781 2798 faoihneutealln
795 2768 955 2808 ragione,
970 2769 1086 2799 evien
1102 2769 1189 2800 data
1203 2768 1481 2800 dall’intelletto
1507 2769 1792 2809 speoulativo.A
1818 2771 1947 2810 questa
1959 2777 2015 2801 se-

227 2831 298 2863 gue
323 2824 360 2856 la
383 2833 567 2869 premes-m
594 2825 744 2863 minore,
770 2826 1005 2865 particolare.
1036 2827 1088 2858 La
1112 2827 1350 2859 oouolusione
1389 2828 1424 2859 oi
1462 2827 1557 2858 offra
1594 2836 1667 2858 una
1709 2828 1829 2860 verita
1854 2829 2014 2868 pratioa,

175 2899 187 2901 -
227 2879 415 2914 fanendooi
441 2883 654 2915 discendere
679 2885 755 2915 cosi
780 2883 882 2916 dalla
907 2884 1164 2924 speculazione
1190 2884 1399 2917 all’azione.

313 2927 374 2977 'et
395 2937 474 2976 hoc
498 2948 580 2976 ηοη
606 2938 740 2977 solum
765 2939 972 2985 possibile
995 2940 1063 2978 est
1084 2940 1207 2978 um'....
1232 2943 1308 2979 cfr.
1335 2944 1463 2976 Thmn.
1489 2944 1558 2984 Aq.
1590 2944 1739 2977 Summa
1775 2945 1890 2980 theol.
1905 2946 1948 2987 4Ι,
1974 2956 2010 2987 q.

238 2997 294 3038 91,
319 3008 354 3032 a.
382 2999 414 3038 ὅ,
439 2999 497 3039 96,
522 3009 556 3032 a.
584 3001 630 3041 23
659 3000 736 3040 104.
764 3001 798 3033 3.

322 3064 413 3110 lpse
438 3064 607 3112 Moyses
632 3067 672 3105 1η
699 3067 847 3115 leuem,
876 3071 993 3104 Exod.
1022 3045 1159 3113 xva-1,
1188 3049 1309 3104 17-26.
1341 3074 1536 3105 Deuteron.
1567 3074 1582 3104 1
1635 3075 1747 3109 10-18.
