2248 3372
0 1061 14 1069 z
0 919 17 1049 „ww-³
0 867 4 906 ‘'-

194 983 201 985 “
224 984 386 1030 propter
413 979 518 1027 quod
547 977 819 1022 Philosophus,
837 976 873 1011 in
903 974 950 1010 iis
977 983 1078 1018 quae

581 194 585 198 ·
644 199 661 207 κ
994 157 1138 219 ,PARTE⁶
1164 187 1208 212 11.
1887 167 1954 199 117

1103 296 1107 321 t

887 337 890 343 ι
1104 324 1108 349 ι

222 372 271 408 ab
300 369 457 417 agente,
500 365 584 403 sive
627 360 866 400 necessitate
909 358 1072 393 naturae
1105 356 1109 444 ὶ

222 425 306 462 sive
334 419 556 459 voluntarie
585 418 692 464 agat,
739 411 934 460 propriam
977 408 1075 446 simi-

221 481 419 519 litudinem
467 476 690 523 explicare3
733 471 835 509 unde
878 469 925 506 t'it
970 467 1075 515 quod
1095 446 1110 518 ¹4

223 545 336 574 omne
365 542 504 580 agens,
534 531 570 566 in
618 528 802 574 quantum
844 521 1074 562 huiusmodi,
1107 522 1111 561 ζ

223 594 467 634 delectatur3
496 589 599 636 quia,
628 597 712 624 cum
742 594 860 636 omne
889 581 994 629 quod
1014 582 1078 618 est
1108 573 1111 626 l

223 647 384 694 appetat
413 653 524 681 suum
553 651 658 682 esse,
703 649 748 675 ac
778 639 815 674 in
845 635 1002 683 agendo
1041 645 1078 670 a·
1109 667 1111 690 ἶ

223 698 354 755 gentis
395 713 486 740 esse
529 697 818 747 quodammodo
861 695 1077 741 amplietur,
1109 694 1112 739 l

223 758 396 805 sequitur
425 756 474 792 de
491 753 730 792 necessitate
746 749 972 790 delectatio,
989 747 1079 793 quia
1110 746 1113 792 ᾗ

223 816 435 855 delectatio
466 814 521 850 rei
551 812 803 850 desideratae
833 817 988 853 semper
1016 817 1080 842 an·
1110 815 1114 844 l

223 881 326 908 nexa
353 870 428 906 est.
459 867 558 904 Nihil
602 865 718 912 igitur
761 862 843 910 agit
885 861 956 898 nisi
999 860 1080 896 tale
1112 854 1115 909 ξ

224 930 410 970 existens,
441 927 560 973 quale
607 924 763 970 patiens
804 921 891 958 fieri
935 920 1080 962 debet3
1112 911 1115 951 ἱ

227 1043 288 1080 De
316 1039 543 1087 simpliciter
565 1041 677 1075 ente:
715 1051 733 1069 «
749 1034 876 1072 Omne
892 1049 928 1076 ›>,
950 1033 1081 1078 inquit,
1114 1027 1117 1031 '

235 1094 373 1142 «quod
401 1093 601 1130 reducitur
616 1091 666 1127 de
696 1088 873 1136 potentia
888 1088 925 1123 in
943 1088 1082 1127 actum,

228 1153 425 1191 reducitur
467 1162 536 1198 per
574 1149 652 1186 tale
682 1148 856 1185 existens
893 1147 930 1182 in
973 1148 1083 1187 actu;
1115 1140 1118 1167 ¹

229 1206 334 1254 quod
363 1206 394 1243 si
425 1205 539 1242 aliter
568 1198 711 1249 aliqtfid
740 1210 861 1248 agere
900 1195 1083 1246 ‘conetur,
1116 1195 1118 1225 ἶ

1116 1170 1118 1192 ῐ

229 1266 375 1303 frustra
389 1265 554 1302 conatur
568 1278 604 1298 ›>.
623 1262 671 1298 Et
685 1261 771 1298 hinc
788 1259 936 1296 destrui
952 1261 1086 1305 potest
1115 1240 1139 1302 *i-

229 1329 340 1356 error
367 1318 535 1359 illorum,
565 1316 627 1362 qui
671 1315 775 1352 bona
805 1312 1002 1359 loquendo
1045 1315 1086 1349 et
1116 1306 1120 1364 ’Δ

231 1378 333 1425 mala
360 1374 578 1423 operando,
609 1373 772 1411 eredunt
801 1373 901 1409 alios
934 1373 1015 1408 vita
1045 1374 1085 1408 et
1118 1366 1119 1405 ἶ

230 1430 401 1468 moribus
430 1428 654 1470 informare,
698 1437 775 1464 non
815 1426 1083 1467 advertentes,
1117 1430 1120 1448 ³

229 1489 334 1538 quod
366 1489 458 1535 plus
491 1488 773 1534 persuaserunt
791 1496 928 1522 manus
947 1485 1084 1529 Jacob,
1118 1473 1120 1502 ²

212 1553 344 1589 -quam
373 1542 511 1583 verba,
554 1540 645 1577 licet
691 1540 781 1576 illae
822 1538 977 1581 falsum,
1022 1539 1086 1574 illa
1119 1556 1120 1559 =

1119 1600 1120 1604 =
1159 1585 1230 1620 che
1260 1583 1296 1619 le
1327 1583 1476 1628 parole,
1506 1582 1680 1618 sebbene
1710 1580 1839 1626 quelle
1859 1587 2018 1624 persua-

1120 1661 1121 1666 =
1160 1636 1326 1673 dessero
1356 1636 1379 1672 il
1402 1628 1513 1672 >falso
1542 1645 1565 1670 e
1594 1636 1734 1679 queste
1763 1633 1786 1669 il
1815 1642 1927 1669 vero.
1958 1630 2016 1667 Ed

229 1612 363 1638 verum
410 1599 708 1646 persuaderent.
755 1597 868 1635 Unde
912 1597 1088 1636 Philoso-

232 1660 331 1707 phus
345 1661 402 1697 ad
415 1659 732 1696 Nicomachum:
766 1672 783 1690 ‹<
795 1657 855 1693 De
876 1657 923 1693 iis
938 1657 1038 1693 enim
1050 1670 1086 1697 »‚

232 1718 365 1765 inquit,
402 1728 536 1764 «quae
565 1717 602 1753 in
631 1716 882 1763 passionibus
901 1718 943 1752 et
971 1715 1074 1751 actio

234 1777 358 1819 nibus,
387 1787 596 1813 sermones
632 1776 757 1812 minus
798 1777 888 1812 sunt
929 1773 1089 1811 credibi-

234 1836 294 1872 les
321 1836 559 1882 operibus».
592 1834 689 1871 Hinc
727 1835 843 1871 etiam
886 1834 1088 1870 dicebatur

234 1887 414 1926 decoelo
444 1888 641 1934 peccatori
671 1888 824 1924 David:
862 1886 1030 1932 «Quare
1046 1887 1087 1921 tu
1119 1875 1122 1921 ἶ

233 1957 397 1984 enarras
411 1947 582 1984 iustitias
602 1947 772 1984 meas?»
799 1947 909 1992 quasi
926 1946 1086 1983 diceret:
1120 1928 1122 1950 ¹

242 2005 435 2043 «Frustra
465 2007 648 2052 loqueris,
678 2016 791 2053 quum
821 2009 863 2043 tu
892 2008 946 2044 sis
989 2007 1089 2044 alius

234 2131 400 2138 *—

1375 257 1646 268 mmmaex.x
1653 249 2002 263 ΜΛΜΝΜ

1147 359 1282 396 opera,
1312 347 1371 384 sia
1399 347 1470 382 che
1515 344 1626 390 operi
1670 352 1739 388 per
1779 340 1902 382 torza.
1946 339 2006 376 sia

1147 400 1514 449 spontaneamente,
1546 396 1665 433 tende
1686 394 2006 441 principalmente

1148 473 1172 499 a
1187 460 1378 507 produrre
1395 457 1559 504 qualche
1578 465 1673 492 cosa
1684 454 1756 490 che
1767 453 1819 500 gli
1841 451 2006 498 somigli,

1149 513 1279 552 donde
1310 512 1480 549 avviene
1497 510 1568 546 che
1591 518 1752 555 ognuno
1773 507 1844 542 che
1860 505 2007 552 agisce,

1150 577 1275 614 prova
1291 567 1449 611 piacere
1465 564 1501 600 in
1514 564 1659 608 questo
1670 571 1743 598 suo
1760 559 1876 596 modo
1891 558 2011 605 d'agi-

1108 631 1112 658 ε
1150 632 1206 663 re,
1222 619 1374 666 poiche,
1393 616 1589 654 cercando
1605 616 1708 651 tutto
1723 614 1783 650 cio
1800 613 1871 649 che
1887 612 2009 648 esiste

1151 674 1174 711 l'
1187 683 1324 711 essere
1359 682 1433 708 suo
1462 669 1512 707 ed
1543 666 1772 714 esplicando
1802 677 1847 703 se
1878 667 2010 702 stesso

1151 728 1188 764 in
1219 727 1329 763 certo
1360 723 1477 761 modo
1498 721 1588 759 nell'
1606 731 1742 767 opera,
1758 719 1796 756 di
1813 718 2011 756 necessita

1111 793 1113 796 ·
1152 791 1274 817 nasce
1304 789 1353 815 un
1383 778 1553 823 piacere‚
1584 775 1727 821 perche
1765 783 1814 809 un
1853 773 2010 818 placere

1154 832 1457 878 s’accompagna
1485 839 1639 880 sempre
1670 828 1747 864 alla
1775 836 1871 863 cosa
1908 825 2011 861 desi-

1154 887 1304 924 derata.
1333 884 1450 921 Nulla
1479 883 1662 929 pertanto
1691 881 1838 927 agisce,
1859 890 1903 915 se
1932 888 2009 915 non

1155 942 1178 977 e
1194 940 1286 981 tale,
1298 939 1414 984 quale
1430 937 1532 973 deve
1549 935 1754 972 diventare
1777 933 1799 969 il
1816 932 2011 979 paziente;

1155 1005 1179 1030 e
1208 1003 1278 1039 per
1307 992 1449 1037 questo
1478 990 1502 1026 il
1531 987 1710 1025 Filosoto
1740 986 1880 1023 diceva
1909 984 2013 1021 nella

1156 1045 1407 1083 Metafisica:
1437 1043 1558 1080 Tutto
1578 1042 1638 1078 cio
1659 1041 1730 1078 che
1752 1040 1784 1077 si
1813 1039 1947 1076 riduce
1962 1037 2014 1074 da

1157 1101 1327 1146 potenza
1356 1099 1392 1134 in
1423 1099 1521 1138 atto,
1551 1096 1583 1132 si
1612 1094 1744 1131 riduce
1775 1103 1845 1139 per
1879 1101 2014 1128 mezzo

1157 1158 1195 1195 di
1226 1158 1305 1194 tale
1335 1157 1406 1193 che
1434 1156 1500 1203 gia
1530 1155 1653 1191 esiste
1683 1154 1719 1190 in
1750 1154 1846 1195 atto;
1876 1151 1947 1187 che
1969 1160 2014 1186 se

1157 1214 1335 1248 tentasse
1350 1208 1489 1246 ditare
1509 1208 1811 1247 diversamente,
1827 1205 1866 1242 lo
1882 1204 2016 1241 storzo

1158 1264 1395 1301 riescirebbe
1426 1273 1542 1299 vano.
1574 1260 1662 1298 Con
1693 1260 1754 1297 cio
1783 1260 1815 1296 si
1854 1259 1932 1304 pub
1961 1256 2016 1292 di-

1158 1320 1368 1364 struggere
1398 1315 1559 1352 l’errore
1578 1314 1615 1351 di
1645 1314 1782 1350 coloro
1820 1312 1904 1353 che,
1934 1321 2018 1356 par-

1158 1370 1278 1407 lando
1306 1370 1408 1407 bene
1438 1379 1499 1405 ma
1546 1366 1748 1413 operando
1790 1365 1903 1406 male,
1933 1374 2016 1401 cre-

1159 1424 1264 1461 dono
1294 1423 1330 1460 di
1361 1423 1530 1459 educare
1559 1421 1612 1468 gli
1643 1421 1728 1457 altri
1759 1420 1836 1456 alla
1864 1419 1946 1455 vita
1966 1416 2015 1454 ed

1159 1478 1236 1514 alla
1265 1477 1425 1518 morale,
1462 1485 1539 1512 non
1583 1471 1901 1519 comprendendo
1944 1471 2015 1507 che

1160 1531 1223 1576 piu
1253 1539 1491 1576 persuasero
1521 1529 1558 1564 le
1588 1528 1688 1564 mani
1732 1526 1768 1562 di
1813 1524 2015 1562 Giacobbe

1160 1689 1184 1726 il
1204 1688 1384 1726 Filosofo
1404 1699 1427 1725 a
1456 1687 1694 1726 Nicomaco:
1725 1685 1897 1731 Quando
1926 1686 2017 1720 trat-

1161 1743 1236 1779 tasi
1266 1742 1303 1778 di
1333 1741 1506 1788 passioni
1536 1752 1558 1777 e
1588 1740 1626 1777 di
1665 1739 1791 1776 azioni
1821 1739 1852 1775 si
1883 1739 2017 1784 presta

1161 1795 1285 1832 minor
1314 1794 1406 1832 fede
1435 1795 1471 1831 ai
1501 1794 1667 1831 discorsi
1696 1793 1767 1829 che
1790 1793 1866 1829 alle
1882 1801 2017 1838 opere.

1162 1849 1301 1886 Percio
1345 1849 1467 1885 anche
1511 1847 1716 1895 dalflcielo
1763 1845 1938 1882 dicevasi
1981 1844 2016 1880 al

1162 1904 1372 1948 peccatore
1427 1901 1579 1937 David:
1627 1900 1776 1936 Perche
1824 1899 1927 1936 narri
1977 1900 2018 1934 tu

1162 1956 1198 1992 le
1255 1956 1329 1991 mie
1386 1955 1566 2002 giustizie
1589 1954 1618 1995 Ρ,
1676 1963 1787 1990 come
1840 1963 1884 1988 se
1942 1951 2018 1987 Dio

1162 2009 1200 2045 lo
1254 2009 1565 2054 rimproverasse
1618 2006 1865 2053 dicendogli:
1910 2005 2019 2040 Inva-

331 2217 510 2264 xlll(xv).
534 2225 639 2261 quae
662 2215 714 2253 de
738 2215 1089 2262 Simplicifferenfe.
1114 2220 1322 2261 Metaphys.
1340 2220 1403 2260 IX,
1418 2219 1438 2251 8
1453 2218 1545 2261 (ant.
1574 2217 1731 2261 transl.).
1748 2218 1897 2258 Semper
1922 2218 2020 2249 euim

235 2286 282 2309 ex
306 2278 487 2318 potestate
511 2279 594 2309 ente
620 2277 662 2309 tit
687 2279 771 2309 autu
797 2287 862 2309 ens
886 2278 932 2310 ab
968 2279 1052 2311 autu
1078 2280 1162 2310 ente
1192 2288 1334 2319 semper
1359 2280 1529 2311 movente
1555 2279 1680 2319 aliquo
1705 2278 1838 2318 primo.
1867 2277 2021 2308 Movens

234 2337 357 2368 autem
382 2338 466 2368 autu
491 2336 564 2368 iam
590 2338 658 2369 est.
683 2336 778 2371 Ibid.
805 2336 890 2372 leot.
916 2336 967 2369 ⁷⁸.
993 2337 1036 2370 Id
1061 2347 1125 2379 per
1149 2336 1247 2379 quod
1272 2338 1417 2378 oportet
1442 2338 1598 2370 alterum
1627 2337 1773 2369 deliniri
1826 2338 1882 2369 est
1915 2336 2021 2376 prius

179 2442 182 2445 Δ
236 2395 389 2434 ratione,
414 2396 512 2428 siout
537 2395 674 2427 animal
699 2396 802 2436 prius
827 2395 975 2428 homine
999 2397 1036 2429 et
1061 2396 1266 2438 subjeetum
1293 2397 1494 2429 accidente.
1525 2395 1594 2429 Sed
1621 2396 1789 2437 potentia
1805 2405 1878 2427 non
1897 2397 2020 2435 potest

236 2454 383 2487 definiri
407 2454 480 2487 nisi
507 2463 571 2494 per
596 2456 730 2487 aetum.
756 2455 854 2496 Ergo
879 2456 935 2489 est
960 2456 1204 2489 necessarium
1232 2455 1330 2497 quod
1354 2456 1451 2488 ratio
1476 2458 1584 2488 aetus
1611 2455 1805 2497 praecedat
1838 2455 2021 2486 rationem

236 2514 425 2554 potentiae
448 2515 486 2546 et
510 2514 646 2547 notitia
671 2516 776 2546 aetus
800 2514 973 2547 notitiam
999 2515 1200 2556 potentiae.

333 2572 446 2604 'l'utto
468 2572 528 2605 oio
552 2573 620 2605 ohe
645 2573 756 2606 esiste
782 2573 815 2605 si
842 2582 973 2606 muove
997 2583 1017 2606 e
1042 2574 1075 2606 si
1100 2575 1216 2615 muta,
1245 2574 1412 2615 aequista
1454 2575 1533 2606 oioe
1574 2574 1669 2606 delle
1708 2582 1828 2605 nuove
1865 2572 2022 2613 qualitag

237 2632 361 2672 peroio
385 2631 455 2663 due
478 2631 655 2672 principii
681 2629 846 2665 trovansi
872 2633 911 2664 in
936 2633 1024 2674 ogni
1049 2641 1193 2667 essere:
1223 2633 1261 2666 la
1279 2631 1472 2674 possibilie&
1496 2633 1535 2665 di
1562 2633 1771 2674 acquistare
1798 2630 1941 2672 qualite
1955 2630 2024 2662 che

239 2698 310 2722 non
336 2689 385 2721 ha
409 2699 542 2722 ancora
566 2699 625 2722 ma
649 2700 738 2723 sono
774 2690 956 2731 possibili,
992 2701 1012 2724 e
1050 2690 1074 2723 1'
1087 2692 1282 2724 attuazione
1317 2691 1357 2723 di
1393 2693 1519 2732 queste
1555 2691 1722 2732 quam&
1754 2693 1902 2731 potenza
1937 2690 1957 2721 e
1996 2689 2025 2721 il

239 2748 359 2790 primo
383 2744 580 2790 principio,
607 2746 679 2780 atto
703 2749 723 2780 ὃ
749 2748 778 2782 il
802 2749 980 2790 εοοοηᾱος
1005 2758 1025 2781 e
1050 2749 1181 2790 poiche
1207 2749 1244 2781 la
1263 2753 1411 2790 potenza
1436 2751 1475 2781 in
1500 2750 1684 2782 relazione
1710 2748 1851 2781 all'atto
1887 2749 1907 2779 ὸ
1944 2747 2026 2780 uul-

238 2805 361 2840 veltro
384 2808 452 2840 ohe
478 2807 514 2840 la
539 2807 694 2840 materia
718 2817 852 2840 ancora
869 2808 1166 2848 indeterminata,
1192 2807 1432 2840 hidifferente
1458 2809 1504 2840 ad
1522 2815 1706 2840 assumere
1723 2810 1886 2848 qnestao
1900 2806 2026 2848 quella

242 2863 369 2906 Serme,
393 2868 470 2898 cosi
496 2867 639 2899 maim-ia
663 2876 683 2899 e
701 2866 821 2908 forma
845 2875 934 2899 sono
959 2866 995 2898 la
1020 2867 1137 2898 stessu
1162 2876 1247 2899 oosa
1271 2866 1371 2898 della
1393 2869 1539 2907 potenza
1562 2876 1582 2898 e
1624 2865 1711 2898 dell'
1727 2869 1810 2905 atto,
1850 2866 2025 2897 ambedue

242 2931 340 3012 eguus
362 2924 462 2957 della
485 2924 608 2958 roma.
636 2925 679 2960 V.
705 2924 748 2958 G.
774 2925 968 2957 Zuooante.
997 2924 1028 2956 11
1054 2927 1222 2958 oouoetto
1247 2935 1266 2957 e
1294 2925 1322 2957 il
1361 2925 1586 2957 sentimento
1625 2925 1723 2956 della
1757 2931 1888 2957 nutura
1928 2925 2026 2956 nella

283 3004 292 3013 .
319 2981 360 3014 C.
389 2992 425 3023 p.
453 2983 618 3019 219-220.
