2248 3372
239 437 388 484 cefitlus
411 451 413 453 ’
434 445 484 500 ad
526 445 654 488 alium,
694 444 934 490 relinquitur,
986 442 1092 490 quod

111 504 130 514 “’
159 522 162 523 ’
216 511 450 559 ,Ιυροι-αῒοτ
474 520 562 548 cum
590 509 768 547 omnibus
797 509 883 546 aliis
903 509 955 546 sit
983 506 1095 545 redu-

237 575 386 614 cendus
411 574 464 629 aq
492 575 634 633 ipsum,
658 577 852 620 tamquam
899 573 950 610 ad
992 583 1095 610 men·

154 638 189 674 ’-
237 635 367 679 suram
396 642 438 677 et
465 639 667 688 regulam'3
696 641 858 686 propter
886 638 992 685 quod
1033 649 1094 675 se·

183 705 376 752 erquitur,
405 705 521 743 etiam
551 703 651 741 idem
689 703 795 751 quod
833 704 983 742 volunt.
1030 702 1092 740 Ad

204 818 210 822 ῃ
235 770 336 808 hanc
363 770 553 808 rationem
581 769 823 812 solvendam,
855 768 956 812 dico,
985 767 1104 815 quod,

235 842 351 882 quum
379 834 625 878 dicuntzea,
655 845 756 881 quae
786 836 878 871 sunt
892 834 1006 871 unius
1023 844 1091 881 ge-

235 900 352 944 neris,
383 902 542 947 oportet
564 900 702 942 reduciv
727 898 777 936 ad
797 899 954 946 aliquod
974 909 1090 936 unum

178 982 182 987 ·
223 964 286 1002 .de
323 965 390 1003 illo
419 975 578 1012 genere,
608 963 713 1011 quod
744 966 808 1001 est
848 966 1012 1001 metrum
1053 964 1090 999 in

236 1029 336 1076 ipso,
377 1040 513 1066 verum
543 1029 686 1066 dicunt.
726 1029 776 1066 Et
819 1029 994 1066 similiter
1022 1039 1092 1065 ve-

235 1105 319 1132 rum
375 1094 518 1137 dieunt,
569 1094 758 1137 dicentes,
801 1092 906 1140 Quod
954 1103 1091 1130 omnes

235 1159 412 1215 homines
439 1162 530 1204 sunt
557 1159 670 1196 unius
698 1159 868 1207 generis.
917 1159 967 1196 Et
993 1159 1092 1196 simi-

235 1224 323 1262 liter
350 1235 484 1262 verum
513 1224 759 1267 concludunt,
788 1235 903 1270 quum
920 1223 1091 1260 inferunt

227 1300 286 1333 vex
311 1289 384 1333 his,
413 1300 548 1327 omnes
576 1290 751 1326 homines
781 1300 872 1326 esse
900 1289 1090 1326 reducen-

234 1354 310 1392 dos
339 1353 391 1392 ad
418 1365 532 1391 unum
562 1357 723 1392 metrum
755 1355 791 1391 in
824 1365 898 1391 suo
927 1349 1088 1402 genere.

112 1408 133 1458 .⁴
162 1403 206 1469 f,
235 1418 318 1479 Setl
354 1430 469 1466 quum
498 1430 548 1456 ex
575 1420 648 1457 hac
677 1420 929 1476 conclusione
958 1419 1089 1456 subin-

208 1491 214 1537 ’Β
231 1483 364 1523 ferunt
391 1485 440 1539 de
470 1485 579 1532 Papa
607 1487 648 1522 et
675 1484 924 1531 Imperatore,
954 1483 1091 1521 fallun-

227 1551 299 1593 tur.
323 1549 536 1587 secundum
565 1549 762 1587 accidens.
791 1548 853 1586 Ad
883 1549 992 1586 cuius
1013 1549 1091 1586 evi-

233 1613 403 1652 dentiam
431 1614 641 1658 sciendum,
671 1614 776 1661 quod
796 1614 900 1652 aliud
920 1617 982 1652 est
997 1625 1088 1651 esse

231 1679 425 1717 hominem
454 1682 495 1716 et
524 1679 627 1716 aliud
657 1682 719 1716 est
747 1690 838 1717 esse
860 1675 1019 1726 Papam.
1042 1679 1090 1725 Et

187 1798 193 1799 ⁷
233 1743 375 1782 eodem
420 1744 550 1788 modo,
582 1745 702 1786 ‚aliud
745 1745 1088 1788 essehominem,

232 1809 336 1847 aliud
365 1820 456 1848 esse
499 1810 798 1856 Imperatorem;
839 1811 940 1848 sicut
985 1810 1089 1847 aliud

231 1867 296 1906 est
324 1879 416 1907 esse
444 1869 648 1912 hominem,
677 1870 786 1907 aliud·
814 1881 906 1907 esse
935 1872 1085 1916 patrem

147 1918 150 1919 ⁷
179 1927 190 1981 ᾗ
231 1930 272 1964 et
300 1927 506 1965 dominum.
536 1928 663 1966 Homo
694 1929 794 1966 enim
824 1931 888 1966 est
916 1929 965 1972 id,
983 1928 1087 1975 quod

231 1994 295 2030 est
341 2003 412 2039 per
457 1993 620 2031 formam
661 1994 974 2037 substantialem,
1019 2005 1090 2040 per

230 2067 350 2103 quam·
373 2058 535 2095 sortitur
562 2046 735 2105 speciem
783 2061 823 2095 et
866 2069 1004 2106 genus,
1049 2061 1090 2096 et

232 2131 306 2170 per
330 2132 444 2168 quam
460 2124 660 2169 reponitur
677 2124 750 2161 sub
770 2115 1088 2170 praedicamento

232 2187 491 2231 substantiae3
521 2190 632 2234 pater
659 2198 757 2225 vero
787 2191 850 2226 est
891 2188 941 2240 id,
985 2189 1089 2235 quod

235 2254 299 2290 est
335 2262 407 2298 per
446 2247 609 2289 formam
652 2251 944 2296 accidentalem,
988 2265 1090 2301 quae

204 288 399 372 ‚vs-‘oportet
425 304 530 365 quod
557 300 795 352 reducantur
822 313 876 350 ad-
897 294 1014 350 unum
1029 312 1096 350 ho·
1170 323 1220 350 un
1249 313 1367 356 solo;
1397 322 1420 348 e
1448 297 1588 357 poiche
1618 310 1642 346 il
1672 309 1781 355 Papa
1826 319 1919 346 nonv
1945 309 2024 355 puo

113 378 141 401 '⁷
177 391 179 393 ’
239 380 391 421 minem.
420 380 471 418 Et
498 373 612 427 quu'm
642 379 753 426 Papa
780 389 859 416 non
888 378 942 432 sit
982 377 1097 415 redu-

1168 366 1307 403 ridursi
1338 365 1388 402 ad
1417 365 1517 407 altri,
1547 374 1625 400 non
1654 365 1763 400 resta
1792 373 1837 399 se
1858 372 1935 399 non
1952 362 2024 399 che

1169 418 1192 456 l’
1211 419 1448 465 Imperatore
1477 418 1638 454 insieme
1655 426 1728 453 con
1746 416 1835 453 tutti
1864 416 1915 463 gli
1937 415 2032 452 altri-

1167 473 1201 510 si
1230 472 1367 510 riduca
1413 472 1450 508 al
1494 470 1615 516 Papa,
1658 471 1773 516 quale
1813 469 1957 506 misura
1999 478 2023 504 e

1166 541 1315 575 norma;
1344 542 1367 567 e
1383 531 1466 568 cosi
1480 532 1678 576 traggono
1694 529 1731 565 la
1747 537 2024 575 conseguenza

1167 585 1238 622 che
1267 595 1292 621 a
1321 586 1407 622 loro
1437 584 1561 630 piace.
1590 581 1625 619 Α
1645 581 1850 618 confutare
1879 583 2035 627 questo.

1166 644 1464 692 ragionamento
1513 652 1680 679 osservo
1738 642 1821 683 che,
1866 640 2022 687 quando

1166 697 1309 734 dicono
1341 697 1412 734 che
1442 698 1542 732 tutte
1573 695 1608 731 le
1626 705 1721 731 cose
1736 695 1867 730 diuno
1888 696 2022 730 stesso

1165 767 1313 804 genere
1351 755 1509 792 devono
1539 765 1651 791 esser
1694 754 1838 790 ridotte
1881 764 1904 789 a
1946 763 2024 789 una

1164 811 1252 847 sola
1295 820 1391 846 cosa
1441 809 1477 845 in
1529 808 1618 854 quel
1674 817 1834 854 genere,
1877 807 1947 843 che
2000 807 2024 843 ὲ

1165 864 1308 903 misura
1350 863 1387 899 in
1431 872 1537 904 esso,
1581 861 1723 897 dicono
1770 861 1794 896 il
1837 870 1947 896 vero.
1991 859 2026 896 E

1164 923 1394 959 similmente
1423 921 1566 958 dicono
1598 921 1621 956 il
1655 919 1940 965 vero‚quando
1969 918 2025 956 af-

1163 975 1342 1012 fermano
1371 975 1443 1012 che
1471 974 1575 1011 tutti·
1594 974 1646 1021 gli
1675 974 1818 1010 uomini
1853 983 1954 1009 sono
1985 972 2022 1008 di

1165 1040 1214 1066 un
1244 1029 1304 1066 sol
1336 1038 1510 1076 genere;
1541 1026 1590 1064 ed
1606 1027 1730 1064 anche
1761 1027 1798 1063 la
1827 1027 1912 1063 loro
1934 1036 2024 1062 con-

1165 1089 1340 1125 clusione
1370 1089 1393 1124 e
1422 1088 1566 1135 giusta,
1595 1085 1752 1132 quando
1782 1085 2021 1122 inferiscono

1165 1141 1215 1178 da
1243 1143 1385 1188 questo
1414 1140 1604 1178 che-tutti
1634 1140 1686 1187 gli
1733 1139 1875 1176 nomini
1918 1149 2020 1175 sono

1164 1193 1215 1238 da
1244 1200 1383 1237 ridursi
1421 1199 1472 1236 ad
1519 1209 1597 1236 una
1638 1200 1727 1237 sola
1773 1199 1916 1235 misura
1958 1199 2022 1234 nel

1141 1255 1251 1297 *loro
1280 1264 1440 1302 genere.
1459 1253 1541 1300 ,Ma
1586 1252 1744 1299 quando
1787 1252 1837 1288 da
1881 1253 2023 1297 questa

1165 1313 1417 1351 conclusione
1447 1314 1644 1359 traggono
1674 1310 1801 1348 l'altra
1846 1310 2022 1348 seconda

1164 1368 1224 1404 sul
1255 1366 1364 1412 Papa
1393 1377 1416 1402 e
1445 1364 1532 1402 sull’
1550 1365 1799 1411 Imperatore,
1817 1365 1941 1401 allora
1958 1374 2021 1400 ca-

1164 1420 1270 1457 dono
1285 1419 1513 1456 nell’errore
1549 1422 1564 1438 “
1584 1419 1758 1456 secondo
1771 1418 1977 1455 accidente
1989 1445 2022 1461 „.

1163 1479 1198 1516 A
1227 1479 1358 1519 chiara
1378 1478 1679 1515 dimostrazione
1697 1478 1733 1513 di
1750 1480 1892 1523 questo
1909 1477 2023 1514 basta

1163 1526 1407 1579 sapere⁰che
1437 1542 1513 1568 una
1544 1542 1640 1568 cosa
1670 1533 1692 1567 ὲ
1722 1541 1859 1567 essere
1903 1540 2022 1566 uomo

1164 1597 1187 1622 e
1216 1586 1316 1622 altra
1345 1596 1482 1622 essere
1513 1584 1649 1630 Papa;
1693 1583 1742 1620 ed
1771 1584 1850 1620 allo
1889 1586 2022 1620 stesso

1163 1644 1293 1687 modo,
1324 1655 1400 1680 una
1442 1654 1553 1693 cosa,
1586 1645 1609 1680 e
1651 1654 1788 1680 essere
1837 1653 1955 1679 uomo
1999 1652 2022 1678 e

1164 1699 1265 1735 altra
1307 1708 1443 1734 essere
1488 1696 1737 1743 Imperatore,
1790 1707 1901 1733 come
1945 1706 2021 1732 una

1163 1762 1261 1789 cosa
1290 1753 1313 1788 e
1351 1761 1465 1788 esser
1513 1761 1630 1787 uomo
1674 1750 1723 1786 ed
1766 1750 1866 1786 altra
1909 1759 2023 1785 esser

1164 1810 1286 1858 padre
1316 1821 1338 1846 e
1368 1810 1554 1857 signore;
1585 1810 1729 1855 perche
1759 1819 1876 1845 uomo
1907 1810 1929 1844 e
1960 1808 2020 1844 cio

1164 1864 1235 1901 che
1265 1865 1288 1900 e
1305 1874 1375 1910 per
1389 1862 1515 1899 forma
1531 1863 1783 1905 sostanziale‚
1801 1873 1871 1908 per
1886 1872 2020 1898 mezzo

1163 1917 1268 1954 della
1296 1917 1411 1963 quale
1440 1917 1588 1953 ottiene
1618 1916 1751 1961 specie
1781 1926 1803 1952 e
1833 1926 1980 1962 genere
1999 1925 2021 1951 e

1163 1977 1196 2013 si
1226 1986 1330 2022 pone
1350 1978 1458 2012 sotto
1482 1976 1518 2012 la
1547 1974 2021 2022 categoriadisostanza3

1164 2029 1286 2075 padre
1319 2029 1455 2066 invece
1486 2031 1508 2065 e
1539 2029 1599 2065 cio
1643 2029 1713 2064 che
1744 2029 1766 2064 e
1796 2038 1866 2073 per
1893 2026 2019 2063 forma

1164 2088 1421 2130 accidentale,
1452 2088 1522 2124 che
1553 2089 1576 2123 e
1614 2098 1691 2123 una
1721 2087 1918 2123 relazione
1949 2097 2021 2132 per

1150 2145 1299 2178 'mezzo
1343 2140 1447 2178 della
1476 2141 1592 2187 quale
1622 2141 1770 2177 ottiene
1801 2150 1877 2176 una
1912 2144 2020 2176 certa

1165 2195 1300 2240 specie
1331 2205 1361 2231 e·
1383 2205 1530 2242 genere
1561 2205 1583 2230 e
1613 2194 1645 2230 si
1684 2204 1786 2239 pone
1818 2195 1926 2230 sotto
1971 2203 2021 2229 un

1151 2249 1154 2252 ’
1166 2263 1313 2301 genere
1342 2253 1509 2299 rispetto
1548 2263 1571 2289 a
1614 2253 1888 2298 qualchecosa,
1932 2251 2018 2288 cioe

321 2465 398 2502 per
418 2466 539 2502 quam
563 2457 769 2503 reponitur
790 2457 870 2495 sub
893 2457 1224 2504 praedicamento
1249 2458 1520 2496 substantiae.
1547 2460 1587 2491 ΙΨ
1614 2460 1710 2492 falso
1736 2460 1802 2491 ohe
1848 2461 1945 2491 tutte
1984 2447 2019 2490 10*

229 2514 312 2538 oose
335 2506 499 2538 debbano
523 2507 659 2539 ridursi
686 2508 722 2540 al
747 2509 1020 2548 predicamento
1045 2509 1082 2541 di
1108 2512 1290 2550 sostanza,
1318 2509 1463 2550 quando
1491 2508 1524 2540 le
1552 2508 1666 2539 forum
1692 2507 1913 2539 accidentali
1941 2516 2013 2537 non

207 2561 384 2594 ⁴possono
409 2553 501 2586 dirsi
525 2557 706 2592 sostanza,
733 2565 804 2587 uon
829 2557 1060 2589 eussistendo
1088 2567 1152 2597 per
1177 2566 1215 2589 se
1241 2559 1366 2596 stesso,
1393 2566 1452 2587 um
1469 2565 1534 2595 per
1575 2555 1736 2587 l'uniom¹
1776 2564 1796 2586 o
1835 2555 2013 2586 aderenza.

227 2600 275 2633 ud
300 2609 374 2632 una
399 2602 822 2638 sostanzav-eussistente.
850 2603 926 2636 Ofr.
955 2603 1084 2636 Thom.
1114 2605 1182 2645 Aq.
1211 2604 1360 2635 Summa
1387 2602 1499 2636 theol.
1546 2603 1572 2641 I,
1612 2604 1754 2644 quaest.
1797 2603 1853 2639 219,
1895 2613 1928 2632 ει.
1975 2601 2009 2632 3.

173 2664 177 2665 ⁷
227 2646 567 2680 Praedioamentum
592 2659 612 2681 e
637 2659 751 2690 genus
775 2660 866 2682 sono
891 2652 990 2683 usati
1015 2652 1080 2693 qui
1105 2660 1206 2683 oolue
1233 2651 1409 2683 sinouimi
1433 2659 1442 2690 3
1469 2649 1596 2681 infatti
1624 2650 1723 2681 nella
1748 2658 1894 2688 propos.
1937 2658 1951 2676 u
1980 2647 2012 2679 ΙΙ

227 2702 324 2735 papa
348 2695 367 2727 ὸ
393 2705 500 2727 nomo
514 2706 547 2734 n,
571 2705 669 2728 noma
694 2698 714 2728 ὸ
739 2697 940 2740 predIoato,
969 2696 1028 2730 mi»
1052 2698 1150 2730 nollo
1176 2700 1293 2730 stesso
1319 2700 1441 2738 tempo
1467 2699 1486 2728 ὸ
1512 2706 1645 2735 genere
1686 2697 1724 2727 di
1761 2697 1821 2727 oui
1862 2705 1956 2735 papa
1993 2696 2012 2726 e

138 2756 142 2760 ·
192 2767 196 2770 ⁴
216 2743 372 2783 ..poem
397 2751 463 2775 con
489 2744 548 2774 oio
573 2743 750 2776 «limosum
774 2745 811 2776 la
835 2745 982 2777 dlversa
1007 2746 1213 2787 estenslone
1239 2746 1297 2777 dei
1312 2746 1383 2777 due
1408 2744 1584 2784 oonoetti,
1601 2754 1620 2775 e
1636 2743 1918 2775 Perroueitnnel
1933 2751 2015 2774 oon-

228 2787 376 2821 fondere
403 2790 430 2821 il
455 2799 587 2831 genere
611 2790 708 2822 oolla
732 2792 854 2831 speeie
878 2801 913 2834 o,
943 2793 1077 2834 poggio
1102 2802 1246 2833 ancora,
1273 2792 1360 2830 nell’
1377 2791 1553 2823 invertire
1581 2791 1594 2822 i
1620 2791 1785 2823 termini.

323 2866 401 2902 pet·
415 2856 591 2900 formam
615 2858 953 2901 ΒυρεΐεηΗᾶΙεΙης
996 2862 1076 2894 oio&
1114 2848 1181 2903 per*
1220 2862 1257 2894 la
1298 2861 1486 2902 categoria
1529 2859 1565 2903 (o
1590 2860 1940 2901 praedicamentum)
1979 2858 2018 2890 di

232 2907 412 2940 sostanza.
438 2908 514 2940 Ofr.
541 2908 653 2949 Purg.
683 2908 822 2950 XVIII,
851 2909 974 2942 49-51.
1033 2926 1048 2936 e

323 2973 547 3013 secundum
570 2975 780 3014 accidens.
808 2978 849 3010 E’
875 2979 971 3011 altra
1004 2979 1121 3012 formu.
1145 2979 1184 3011 dl
1209 2963 1329 3012 errore
1355 2979 1667 3021 da‚aggi11ngersi
1694 2988 1716 3011 a
1741 2977 1864 3019 quelle
1890 2985 2011 3017 prooe-

190 3050 195 3053 .
229 3021 459 3057 dentemente
483 3029 702 3060 aooenuune:
730 3036 841 3058 eausa
864 3036 966 3059 oome
991 3036 1062 3059 non
1088 3036 1220 3067 oausa3
1247 3036 1389 3058 eeoesso
1417 3026 1474 3058 nei
1501 3026 1649 3058 termini
1678 3027 1748 3057 eto.
