2248 3372
364 130 434 162 170

859 139 902 164 11.
925 138 1128 165 TRATTATO
1151 139 1283 166 mmm
1307 139 1546 166 MONARCHIA

317 305 359 338 ut
387 302 513 339 Lucas
530 303 567 339 in
588 314 661 340 suo
682 303 900 351 Evangelio
920 304 1049 341 tradit.
1073 305 1167 341 Erat

317 361 416 398 enim
455 361 637 398 Herodes
672 372 749 399 non
778 363 902 399 vicem
931 363 1074 400 Tiberii
1103 374 1169 411 ge-

315 417 418 471 rens}
444 421 516 458 sub
545 421 660 468 signo
689 422 842 467 aquilae
862 423 925 458 vel
945 423 1017 459 sub
1038 423 1168 470 signo-

316 481 503 523 senatus;
532 479 603 516 sed
631 490 702 516 rex
729 490 854 527 regno
891 481 1077 528 singulari
1106 491 1165 518 or-

300 532 471 569 dinatus
499 533 548 570 ab
577 544 639 576 eo,
656 534 697 570 et
724 534 796 570 sub
825 534 939 581 signo
968 534 1077 581 regni
1093 535 1165 571 sibi

314 592 507 629 commissi
548 592 784 639 gubernans.
823 592 1015 630 Desinant
1051 594 1167 640 igitur

315 645 512 691 imperium
541 646 759 691 exprobare
791 646 1016 688 Romanum,
1037 647 1100 692 qui
1121 658 1165 683 se

313 702 418 740 filios
448 703 648 741 Ecclesiae
677 704 840 752 fingunt,
861 716 975 751 quum
1004 705 1165 742 videant

315 767 499 803 sponsum
530 756 724 795 Christum
753 758 845 794 illud
865 759 920 795 sic
939 759 976 794 in
998 761 1163 805 utroque

316 816 480 853 termino
493 827 589 853 suae
606 818 761 854 militiae
791 818 1092 863 comprobasse.
1116 817 1168 854 Et

316 869 390 906 iam
433 869 675 907 sufficienter
712 870 956 907 manifestum
991 881 1082 908 esse
1112 881 1168 908 ar-

315 929 449 972 bitror,
480 929 692 966 Romanum
721 931 903 976 populum
923 930 995 967 sibi
1015 930 1064 966 de
1084 931 1167 967 iure

316 982 423 1019 orbis
450 981 649 1028 Imperium
678 983 906 1020 adscivisse.
941 982 978 1020 O
1012 982 1166 1020 felicem

317 1041 511 1087 populum,
555 1052 579 1078 o
634 1041 845 1079 Ausoniam
887 1043 927 1078 te
955 1042 1168 1089 gloriosam

317 1095 349 1132 si
378 1095 442 1131 vel
470 1105 662 1141 nunquam
690 1094 905 1132 infirmator
932 1095 996 1132 ille
1021 1095 1168 1142 Imperii

317 1154 371 1190 tui
413 1156 528 1190 natus
569 1153 721 1197 fuisset,
756 1155 820 1191 vel
862 1165 1054 1200 nunquam
1096 1165 1168 1191 sua

317 1207 381 1252 pia
409 1207 572 1244 intentio
600 1208 723 1253 ipsum
751 1207 981 1244 fefellisset!

407 2161 542 2199 Lucas
566 2165 606 2196 in
631 2163 846 2205 Evangelio,
873 2165 1014 2207 XXIII,
1046 2167 1100 2197 11.

410 2231 471 2271 011
491 2230 655 2274 ῙεΙῘεειη
678 2231 871 2278 populum
893 2244 901 2269 ε

1240 303 1277 341 le
1306 305 1391 341 veci
1434 305 1470 342 di
1500 305 1658 343 Tiberio
1686 309 1793 344 sotto
1822 307 1846 344 il
1866 295 1992 356 segno
2007 308 2089 347 del-

1240 356 1395 404 l’aquila
1424 369 1448 395 o
1477 358 1540 395 del
1570 362 1722 402 senato,
1752 371 1814 397 ma
1841 371 1910 398 era
1937 372 1992 405 re,
2023 373 2088 400 or-

1240 417 1373 454 dinato
1402 417 1452 454 da
1480 419 1543 461 lui,
1573 429 1692 464 sopra
1711 429 1761 456 un
1781 400 1936 467 singolo
1965 431 2089 468 regno

1239 487 1262 512 e
1307 487 1538 523 governava
1565 478 1625 514 col
1654 488 1781 525 segno
1809 479 1871 516 nel
1900 489 2024 528 regno
2066 491 2090 518 a

1239 529 1290 566 lui
1319 528 1496 577 affidato.
1526 529 1731 567 Finiscano
1769 530 1922 578 dunque
1965 532 2002 569 di
2038 533 2092 570 vi-

1238 590 1421 634 tuperare
1450 588 1638 635 l’lmpero
1666 600 1828 627 romano
1857 591 1993 628 coloro
2017 591 2088 629 che

1239 641 1271 678 si
1299 640 1475 688 fingono
1490 641 1572 689 figli
1593 642 1696 679 della
1717 641 1874 687 Chiesa‚
1903 644 2086 682 vedendo

1239 695 1310 731 che
1342 695 1381 731 lo
1423 695 1472 731 ha
1515 698 1733 741 approvato
1776 695 1921 740 Cristo,
1965 698 2087 744 §poso

1240 752 1342 790 della
1372 752 1529 796 Chiesa‚
1572 755 1609 791 in
1652 755 1843 792 ambedue
1885 756 1896 792 i
1940 757 2089 794 termini

1240 806 1344 843 della
1373 817 1444 843 sua
1473 808 1621 844 milizia.
1670 808 1702 844 E
1729 808 1848 845 credo
1877 810 1998 846 ormai
2039 810 2091 846 di-

1240 861 1430 910 mostrato
1446 861 1687 898 abbastanza
1706 862 1778 898 che
1793 862 1818 898 il
1847 861 1999 912 Popolo
2017 863 2091 900 Ro·

1241 934 1355 961 mano
1384 924 1415 961 s'
1432 927 1454 961 e
1492 924 1528 961 di
1574 926 1678 962 buon
1726 925 1857 963 diritto
1900 929 2087 975 arrogato

1242 981 1428 1029 l'lmpero
1457 983 1519 1020 del
1549 984 1704 1021 mondo.
1734 984 1772 1022 O
1799 984 1915 1022 felice
1930 987 2089 1040 popolo,

1242 1047 1266 1073 o
1295 1037 1470 1084 gloriosa
1497 1036 1683 1081 Ausonia,
1699 1049 1743 1075 se
1771 1049 1848 1075 non
1876 1038 1987 1076 fosse
2016 1050 2099 1088 mai*

1241 1103 1335 1138 nato
1363 1102 1463 1138 colui
1501 1102 1573 1139 che
1601 1102 1772 1144 indeboli
1799 1103 1824 1140 il
1840 1105 1909 1140 tuo
1927 1104 2088 1150 impero,

1242 1171 1267 1197 o
1296 1161 1449 1197 almeno
1465 1162 1503 1198 la
1518 1172 1590 1198 sua
1610 1162 1672 1207 pia
1688 1162 1909 1200 intenzione
1925 1173 2002 1200 non
2018 1162 2085 1200 l'a-

1242 1218 1359 1250 vess‘e
1406 1215 1479 1251 mai
1521 1217 1642 1252 tratto
1684 1215 1720 1251 in
1749 1214 1872 1252 fallo!

834 2294 919 2334 Ahi,
945 2295 1149 2336 eustanum,
1175 2294 1213 2326 di
1240 2295 1376 2335 quanto
1402 2294 1476 2326 mal
1501 2294 1542 2326 fu
1568 2296 1683 2326 matra

786 2353 866 2385 Non
891 2353 928 2385 la
953 2355 1017 2385 ma
1041 2353 1268 2390 oonversffin,
1295 2363 1352 2385 ma
1377 2353 1503 2394 quella
1528 2353 1612 2385 dote

786 2412 862 2444 Che
887 2412 934 2444 da
958 2415 994 2444 te
1020 2422 1123 2452 prese
1148 2412 1176 2444 il
1202 2412 1320 2453 primo
1345 2411 1442 2444 riooo
1466 2412 1594 2452 patre!

1685 2470 1756 2503 Inf.
1780 2470 1882 2509 XIX,
1908 2471 1989 2506 115.

834 2529 972 2561 L'altro
998 2530 1064 2561 ohe
1090 2539 1201 2570 segue
1227 2539 1292 2562 σοι]
1320 2530 1355 2561 le
1380 2529 1482 2571 leggi
1509 2539 1528 2561 e
1554 2539 1668 2568 meoo,

783 2589 886 2621 Sotto
911 2588 1030 2620 buona
1055 2588 1241 2620 intenzion
1268 2588 1334 2620 ohe
1361 2587 1407 2620 fe'
1434 2588 1507 2620 mal
1533 2587 1650 2620 frunto

784 2647 852 2679 Por
876 2647 1002 2679 cedere
1027 2647 1062 2679 al
1089 2644 1220 2680 Pastor
1245 2647 1277 2679 si
1303 2646 1380 2679 fece
1407 2646 1534 2679 Greoo.

1605 2706 1734 2738 Parad.
1759 2705 1840 2737 XX.
1869 2705 1987 2738 55-57.
