2248 3372
1010 142 1140 167 PARTE
1165 141 1211 166 11.

219 311 405 350 obtulerit
432 310 482 347 ad
511 309 652 348 ostium
680 309 920 346 tabernaculi
967 307 1074 344 obla·
1105 340 1108 351 ,
1144 310 1264 352 porta
1310 307 1377 343 del
1419 305 1686 346 tabernacola,
1733 306 1832 342 sarci
1858 315 1925 342 reo
1966 305 2010 342 di

219 371 364 408 tionem
393 369 579 418 Domino,
595 368 797 416 sanguinis
830 378 923 404 reus
951 366 1072 404 erit».
1105 355 1107 423 l

221 428 375 468 Ostium
403 428 644 466 tabernaculi
675 426 874 464 Christum
915 425 1073 473 figurat,
1106 427 1108 465 ὲ

205 489 284 535 qui
312 489 375 526 est
403 488 543 525 ostium
585 486 784 524 conclavis
826 485 988 528 aeterni,
1033 487 1075 521 ut

221 558 271 584 ex
299 547 516 594 Evangelio
543 546 630 583 elici
649 546 806 591 potest:
837 544 982 582 occisio
998 539 1076 581 ani·
1106 561 1110 573 =

221 606 372 643 malium
401 605 655 652 operationes
698 605 897 658 humanas.
937 602 1076 641 Occul-
1106 603 1108 637 ἒ

219 668 299 703 tum
327 675 425 702 vero
454 666 516 702 est
545 664 722 701 iudicium
752 663 838 706 Dei,
882 663 932 699 ad
969 663 1074 709 quod

219 719 394 768 humana*
412 730 513 767 ratio
550 740 622 766 nec
651 729 741 776 lege
782 731 958 771 naturae,
1001 738 1074 765 nec

219 789 309 838 lege
337 789 553 835 scripturae
583 787 654 825 sed
683 788 732 824 de
762 788 893 835 gratia
913 787 1072 834 speciali
1097 814 1100 816 >

219 847 453 895 quandoque
472 848 682 895 pertingit;
711 847 815 894 quod
835 847 881 884 fit
901 847 1074 897 pluribus
1106 841 1107 884 l

220 906 365 945 modis:
380 906 614 953 quandoque
639 907 799 953 simplici
815 906 1072 948 revelatione,
1106 886 1108 928 ³

179 982 181 985 ·
220 966 454 1016 quandoque
496 966 754 1009 revelatione,
784 965 1074 1011 disceptatione

220 1031 386 1078 quadam
410 1031 618 1068 mediante.
638 1030 808 1078 Simplici
828 1032 1073 1068 revelatione

222 1089 444 1136 dupliciter:
487 1093 555 1127 aut
595 1093 736 1137 sponte
779 1090 866 1134 Dei,
895 1092 963 1127 aut
990 1101 1075 1127 ora·
1105 1088 1107 1114 ἶ

222 1155 330 1192 tione
363 1156 615 1202 impetrante;
652 1159 794 1202 sponte
838 1155 911 1192 Dei
954 1155 1074 1202 dupli-

223 1208 343 1257 citer:
372 1216 440 1251 aut
467 1225 667 1261 expresse,
697 1217 764 1251 aut
811 1225 880 1260 per
909 1215 1072 1262 signum.
1105 1220 1107 1261 ᾗ

224 1273 431 1319 Expressa,
475 1275 574 1311 sicut
610 1275 826 1311 revelatum
867 1273 940 1310 fuit
977 1273 1072 1310 iudi·
1105 1266 1107 1311 k

222 1338 319 1375 cium
365 1337 543 1381 Samueli,
588 1340 724 1384 contra
771 1338 956 1383 Saulem;
1003 1350 1074 1385 per

219 1407 384 1444 ⁸¹gnum'
412 1399 512 1435 ⁸¹c¹¹t
543 1397 735 1434 Pharaom
765 1399 981 1435 revelatum
1001 1397 1074 1435 fnit
1105 1404 1217 1465 ἷέὴθ
1248 1428 1324 1464 Dio
1354 1439 1483 1464 aveva
1511 1428 1685 1465 stabilito
1707 1428 1744 1464 la
1765 1428 2003 1464 liberazione

1105 1496 1107 1532 ξ
1146 1482 1208 1518 dei
1239 1481 1321 1529 figli
1346 1481 1548 1518 d'lsraele.
1580 1480 1757 1518 Avviene
1784 1482 1912 1518 talora
1934 1491 2004 1526 per

1105 1537 1106 1571 ἶ
1146 1546 1280 1572 mezzo
1291 1535 1396 1571 della
1406 1536 1625 1582 preghiera,
1646 1546 1757 1571 come
1777 1545 1928 1580 sapeva
1942 1545 2005 1571 co-

176 1514 180 1516 ν
212 1455 291 1508 ‘per
317 1462 442 1510 signa,
471 1462 715 1509 quodvDeus
753 1463 995 1500 iudicaverat
1022 1463 1072 1500 de

220 1526 452 1565 liberatione
493 1527 659 1564 filiorum
706 1528 836 1565 lsrael.
880 1527 1073 1566 Oratione

220 1585 462 1634 impetrante,
492 1587 596 1632 quod
625 1587 776 1624 sciebat
817 1588 879 1633 qui
918 1588 1075 1624 dicebat
1105 1586 1107 1591 ’

224 1641 414 1694 [secundo
461 1643 830 1696 Parattpomenon]:
885 1651 900 1666 “
943 1646 1071 1694 Quum
1106 1672 1107 1677 ,

222 1702 446 1750 ignoramus
475 1704 564 1750 quid
594 1716 715 1752 agere
745 1705 970 1749 debeamus,
998 1707 1073 1743 hoc
1105 1697 1108 1740 l

222 1762 348 1799 solum
375 1763 562 1801 habemus
590 1764 746 1806 residui,
794 1765 898 1811 quod
941 1766 991 1802 ad
1033 1769 1073 1802 te
1106 1773 1107 1808 l

222 1821 360 1858 oculos
386 1824 546 1862 nostros
574 1823 783 1871 dirigamus
802 1840 839 1860 >›.
869 1824 1074 1871 Discepta-
1105 1837 1108 1886 ἱ

221 1879 328 1917 tione
356 1891 454 1918 vero
500 1882 694 1919 mediante
741 1882 969 1929 dupliciter:
1008 1887 1075 1920 aut
1106 1890 1108 1941 ᾖ

221 1941 342 1982 sorte,
371 1942 439 1976 aut
477 1942 709 1986 certamine;
739 1947 889 1980 certare
918 1944 1072 1988 etenim,
1106 1945 1108 1981 l

222 2003 271 2040 ab
300 2015 350 2042 eo
378 2005 483 2051 quod
511 2009 574 2043 est
594 2011 741 2044 certum
756 2007 902 2049 facere,
931 2008 1073 2046 dictum

222 2064 296 2100 est.
333 2062 452 2100 Sorte
472 2066 625 2110 quidem
654 2067 887 2114 quandoque
919 2067 991 2104 Dei
1023 2069 1074 2104 iu·
1106 2081 1108 2117 l

1147 359 1280 397 delitto
1309 359 1493 406 capitale.
1522 358 1748 406 L’ingresso
1777 358 1842 395 del
1874 358 2005 395 taber-

1147 413 1289 450 nacolo
1319 411 1511 460 raffigura
1531 411 1666 452 Cristo
1682 413 1753 448 che
1776 414 1799 448 e
1830 412 1867 448 la
1890 413 2006 458 porta

1145 466 1238 503 'dell‘
1255 467 1393 503 eterna
1436 465 1586 502 dimora
1624 476 1734 502 come
1763 466 1796 502 si
1839 467 1916 511 puo
1958 465 2005 501 ri-

1147 522 1274 557 trarre
1302 519 1365 556 del
1395 519 1589 566 Vangelo;
1618 518 1641 554 l’
1659 519 1855 555 uccisione
1899 518 2004 566 degli

1148 573 1302 610 animali
1336 583 1437 610 sono
1484 574 1520 609 le
1564 573 1690 609 azioni
1734 582 1885 608 umane.
1925 571 2004 609 Oc-

1147 627 1253 663 culto
1281 627 1420 663 invece
1450 628 1473 662 e
1504 626 1525 662 il
1555 625 1727 673 giudizio
1756 625 1793 661 di
1824 625 1900 662 Dio
1948 626 2003 662 al-

1106 705 1109 714 ,
1149 680 1317 717 l‘umana
1345 680 1521 727 ragione,
1551 679 1708 725 quando
1738 689 1831 715 essa
1860 689 1937 715 non
1964 679 2002 715 vi

1106 732 1108 773 ’Ξ
1148 734 1278 770 arriva
1306 735 1356 770 ne
1385 744 1455 779 per
1484 733 1602 780 legge
1624 732 1660 769 di
1682 736 1833 774 natura,
1854 734 1904 768 ne
1933 742 2004 778 per

1148 788 1266 834 legge
1295 787 1332 823 di
1362 787 1556 828 scrittura,
1587 797 1648 822 ma
1684 787 1721 822 vi
1765 786 1893 822 arriva
1935 786 2004 822 tal-

1147 841 1257 878 volta
1286 851 1356 886 per
1383 840 1518 887 grazia
1547 839 1732 885 speciale.
1763 838 1919 884 Questo
1936 850 2003 885 av-

1147 894 1262 931 viene
1291 895 1328 930 in
1358 893 1422 940 piu
1452 893 1579 930 modi:
1623 893 1788 930 talvolta
1810 903 1879 938 per
1908 903 2006 929 sem·

1147 948 1246 993 plice
1276 947 1528 988 rivelazione‚
1558 947 1658 983 altra
1678 947 1788 983 volta
1817 957 1887 992 per
1907 947 2005 982 rive-

1147 1001 1300 1038 lazione
1330 1000 1524 1037 mediante
1546 1001 1584 1037 la
1612 1000 1910 1037 discettazione.
1927 999 2004 1036 Per

1146 1055 1330 1100 semplice
1363 1054 1601 1091 rivelazione
1637 1054 1803 1090 avviene
1846 1054 1882 1089 in
1927 1053 2002 1089 due

1147 1108 1269 1145 modi:
1312 1118 1383 1154 per
1411 1108 1573 1144 volonta
1602 1107 1638 1143 di
1669 1107 1745 1144 Dio
1775 1118 1799 1143 o
1828 1117 1898 1152 per
1922 1117 2006 1153 pre·

1105 1182 1107 1205 :
1146 1162 1294 1209 ghiera.
1325 1161 1401 1211 Pes
1439 1161 1603 1198 volonta
1645 1161 1682 1196 di
1731 1160 1808 1197 Dio
1850 1161 1887 1196 in
1926 1160 2003 1196 due

1149 1214 1273 1252 modi:
1304 1216 1648 1260 espressamente:
1693 1225 1718 1250 ο
1762 1224 1833 1260 per
1861 1224 2000 1261 segno.

1149 1266 1488 1314 Espre'ssamente,
1508 1278 1619 1304 come
1647 1266 1689 1304 fu
1705 1268 1873 1304 rivelato
1885 1268 1908 1303 il
1924 1267 2005 1314 giu-

1146 1321 1248 1358 dizio
1278 1332 1301 1357 a
1329 1320 1514 1358 Samuele
1544 1323 1682 1358 contro
1703 1320 1825 1364 Saul;
1856 1331 1926 1367 per
1946 1332 2005 1357 se·

1146 1386 1285 1422 segno,
1314 1385 1426 1411 come
1455 1374 1498 1411 fu
1544 1375 1712 1411 rivelato
1757 1385 1780 1411 a
1809 1374 2002 1415 Faraone,

1146 1589 1197 1625 lui
1214 1589 1284 1625 che
1303 1589 1379 1635 (nel
1409 1589 1585 1625 secondo
1606 1588 1668 1624 dei
1699 1588 2003 1634 Paralipomeni)

1146 1641 1297 1679 diceva:
1316 1641 1483 1688 Quando
1499 1653 1577 1679 non
1593 1642 1802 1688 suppiamo
1819 1641 2002 1687 obesam,

1147 1706 1225 1732 non
1242 1695 1280 1733 ci
1293 1699 1400 1732 resta
1416 1696 1515 1732 altro
1531 1697 1604 1733 elle
1614 1696 1802 1741 rivolgere
1816 1706 1844 1732 α
1854 1699 1892 1732 te
1908 1695 1924 1731 i
1939 1706 2005 1732 no·

1147 1749 1219 1786 stri
1243 1749 1367 1787 occln‘.
1397 1748 1473 1785 Per
1501 1748 1784 1786 discettazione
1833 1759 1928 1794 pure
1971 1749 2003 1785 si

1147 1813 1318 1839 conosce
1348 1803 1384 1838 in
1414 1802 1489 1838 due
1520 1803 1647 1839 modi:
1701 1813 1725 1839 o
1755 1813 1825 1848 per
1853 1805 2005 1849 sorteg-

1146 1856 1212 1903 gio
1243 1866 1267 1892 0
1297 1866 1366 1902 per
1395 1859 1579 1892 certame.
1624 1856 1806 1893 Certame
1835 1856 1866 1892 si
1897 1855 2002 1892 disse

1148 1911 1321 1955 appunto
1351 1909 1401 1945 da
1443 1909 1586 1946 render
1624 1913 1751 1947 cerlo.
1801 1909 1877 1945 Per
1923 1919 2004 1946 sor·

1148 1963 1284 2009 teggio
1314 1963 1441 1999 talora
1469 1963 1501 1999 si
1532 1963 1655 1999 rivela
1686 1963 1763 2010 agli
1793 1962 1933 1999 uomini
1978 1962 2003 1998 il

1147 2016 1318 2063 giudizio
1347 2016 1384 2051 di
1416 2016 1504 2058 Dio,
1534 2027 1644 2052 come
1684 2016 1860 2062 scorgesi
1899 2016 2003 2052 nella

1147 2070 1303 2105 nomina
1350 2069 1385 2105 di
1434 2069 1575 2106 Mattia
1623 2070 1727 2116 negli
1776 2068 1854 2105 Atti
1898 2069 2002 2115 degli

317 2271 375 2310 Εκ
398 2272 633 2320 Evangelio.
661 2277 697 2310 S.
725 2278 833 2312 Giov.
862 2279 906 2316 X,
933 2280 967 2322 ’7,
995 2280 1029 2312 9.
1058 2280 1134 2312 Cfr.
1161 2281 1325 2313 Isidoro:
1352 2282 1426 2314 Nos
1452 2282 1641 2314 moraliter
1668 2281 1861 2314 offerimus
1903 2283 2002 2315 vitu-

221 2332 296 2366 lum
321 2343 431 2375 quum
456 2336 578 2367 earnis
602 2337 810 2377 superbiam
835 2339 1033 2381 vincimus;
1061 2349 1197 2381 agnum
1222 2350 1335 2381 quum
1363 2341 1597 2373 irrationales
1619 2343 1741 2374 motus
1766 2342 2002 2383 corrigimus;

212 2390 377 2424 *haedum
402 2403 512 2435 quum
539 2395 730 2428 lasciviam
755 2406 990 2439 superamus3
1027 2398 1232 2431 oolumbam
1270 2400 1579 2441 dum'simplioes
1617 2410 1768 2441 sumus;
1807 2404 2003 2437 turturem.

220 2451 308 2484 dum
333 2453 540 2486 castitatem
566 2463 775 2495 servamus3
802 2465 913 2497 panes
938 2466 1087 2499 azymos
1110 2467 1222 2500 quum
1249 2469 1319 2491 non
1347 2460 1385 2491 in
1405 2459 1584 2492 fermento
1601 2460 1664 2492 sed
1684 2461 1720 2491 in
1741 2460 1871 2492 azimis
1888 2460 2000 2492 sinee-

221 2511 346 2543 ritatis
370 2514 408 2544 et
433 2513 602 2545 veritatis
627 2514 821 2554 epulamur
846 2515 1009 2562 (witto).

316 2578 494 2618 Samuel.
521 2583 630 2621 Libro
655 2585 715 2617 dei
741 2585 805 2618 Re.
835 2586 916 2620 XV.

314 2650 424 2688 sicut
445 2648 654 2696 pharaon!
674 2653 904 2693 revelatum.
930 2658 966 2690 11
994 2658 1111 2700 Moys.
1140 2660 1224 2691 vu.

316 2718 668 2767 Paralipomenon.
698 2726 746 2767 ΙΙ,
773 2727 832 2770 20,
863 2729 919 2760 12.
