2248 3372
1051 171 1180 210 PARTE
1206 171 1233 196 1.
1943 162 1988 196 19

1961 247 2034 256 Μ

352 336 430 374 Per
457 336 689 374 dimostrare
718 337 756 374 la
784 337 911 373 verita
940 336 1045 374 della
1073 336 1248 386 seconda
1278 346 1481 382 premessa
1513 335 1644 373 Dante
1674 336 1821 373 ricorre
1843 335 1908 373 all'
1925 338 2034 373 auto-

219 391 318 438 Trita
346 401 384 439 di
412 401 679 439 Aristotele‘e
709 401 857 448 prende
886 412 997 439 come
1027 404 1149 448 punto
1178 402 1216 438 di
1246 404 1435 448 partenza
1464 401 1500 437 le
1531 402 1668 447 parole
1698 402 1770 438 che
1799 401 1831 438 si
1860 402 2035 448 leggono

257 467 365 504 nella
394 466 619 504 Metafisica
648 466 677 513 (Ι
706 467 768 514 2):
806 467 936 504 «liber
963 467 1080 504 homo
1109 467 1168 504 sui
1198 468 1272 509 est,
1301 477 1378 504 non
1409 464 1570 503 alterius
1590 476 1730 503 causa:
1751 466 2039 519 l’uomolibero

244 533 366 572 esiste
396 535 466 579 per
494 534 550 575 se,
580 542 651 577 per
678 542 728 568 un
758 542 832 569 suo
861 532 1019 578 proprio
1049 531 1129 569 fine
1144 542 1182 576 >›;
1203 543 1226 569 e
1246 532 1451 569 continua:
1490 530 1659 568 «Genus
1678 532 1883 568 humanum
1904 532 2029 569 solum

244 599 458 645 imperante
488 597 696 634 monarcha
725 597 784 634 sui
813 598 888 634 est.
918 599 959 634 et
987 606 1065 634 non
1095 597 1260 634 alterius
1287 607 1459 639 causa»,
1492 596 1636 642 perche
1657 597 1680 632 il
1713 607 1898 633 monarca
1926 593 2037 634 tiene‘

243 664 281 701 in
309 662 423 700 fteno
451 663 489 699 le
517 661 752 709 demagogie
782 662 941 708 (Dante,
972 673 995 698 a
1023 661 1082 698 dir
1109 673 1219 704 vero,
1250 672 1322 699 usa
1352 662 1374 698 il
1405 662 1569 698 termine
1590 661 1874 708 de'mocratiae),
1896 662 1932 698 le
1958 662 2026 699 oli-

242 728 400 776 garchie
430 738 453 764 e
482 726 739 769 le*tirannidi,
767 726 893 763 forme
923 728 1078 773 oblique
1108 727 1145 763 di
1174 738 1354 774 governo
1384 727 1455 763 che
1490 727 1657 774 tolgono
1696 728 1733 763 la
1780 727 1920 764 liberta
1949 728 2028 774 agli

243 793 386 830 uomini
415 804 437 830 e
466 792 491 829 Ii
520 792 774 839 costringono
803 803 827 828 a
855 793 1005 829 servire
1035 792 1183 829 aduno
1213 803 1237 829 o
1267 803 1291 829 3
1319 792 1444 838 pochi.
1475 791 1594 829 Sotto
1638 803 1686 828 un
1723 803 1908 829 monarca
1946 791 2030 829 fun-

241 858 409 895 zionano
427 858 566 894 invece
586 857 804 894 solamente
825 858 835 893 i
854 858 1020 904 governi
1044 858 1242 905 legittimi;
1271 873 1288 890 ‹<
1303 859 1344 894 et
1363 857 1581 902 hujusmodi
1602 857 1750 903 politiae
1772 859 1893 894 rectae
1915 857 2028 894 liber-

211 971 214 973 >
242 924 363 960 tatem
392 922 606 965 intendunt,
637 923 785 959 scilicet
804 925 846 959 ut
865 923 1041 959 homines
1070 925 1231 969 propter
1251 934 1295 959 se
1325 923 1457 965 sint»,
1488 922 1745 968 provvedano
1775 923 1862 960 cioe
1883 923 2028 960 al'loro

240 988 562 1035 miglioramento‚
593 987 736 1033 perche
764 998 841 1024 non
872 987 1083 1033 icittadini
1113 998 1183 1034 per
1211 988 1222 1024 i
1252 988 1402 1025 consoli
1431 998 1532 1024 sono
1562 987 1742 1031 ordinati,
1788 998 1851 1024 ma
1893 988 2024 1034 questi

241 1063 312 1099 per
338 1053 467 1098 quelli,
497 1063 574 1089 non
603 1053 642 1089 la
670 1053 834 1089 nazione
864 1063 934 1098 per
962 1053 985 1088 il
1016 1063 1070 1094 re,
1101 1061 1163 1089 ma
1191 1053 1214 1089 il
1240 1063 1283 1090 re
1304 1063 1374 1099 per
1394 1053 1431 1089 la
1451 1053 1629 1090 nazione.
1652 1053 1794 1090 Donde
1814 1054 1846 1090 si
1869 1052 2022 1090 deduce

215 1117 312 1154 ,che
341 1118 351 1154 i
381 1118 530 1155 consoli
560 1117 610 1154 ed
636 1118 648 1154 i
677 1129 720 1154 re
751 1128 854 1154 sono
880 1118 966 1154 duci
996 1129 1018 1154 e
1048 1118 1196 1165 signori
1225 1108 1392 1164 rispetto
1422 1119 1456 1154 al
1487 1119 1677 1155 cammino
1698 1119 1749 1170 da
1779 1129 2024 1164 percorrere‚

242 1183 402 1220 ministri
431 1183 569 1219 invece
598 1183 764 1228 rispetto
784 1183 819 1219 al
840 1182 919 1220 fine
949 1182 1000 1219 da
1028 1183 1304 1230 raggiungere,
1343 1198 1360 1216 ‹<
1380 1185 1420 1220 et
1449 1184 1611 1220 maxime
1642 1184 1852 1220 monarcha
1877 1183 1941 1230 qui
1962 1186 2027 1220 est

244 1237 417 1284 nu'nister
459 1247 625 1284 omnium
669 1248 803 1294 procul
834 1247 952 1285 dubio
994 1248 1198 1285 habendus
1227 1251 1289 1285 est
1317 1264 1354 1284 >›.
1391 1264 1409 1281 ‹<
1440 1249 1545 1296 Ergo
1566 1259 1694 1296 genus
1723 1249 1929 1286 humanum
1958 1249 2030 1286 sub

244 1313 454 1350 monarcha
489 1313 671 1350 existens
713 1313 858 1359 optime
887 1324 932 1350 se
966 1314 1085 1350 habet
1113 1324 1149 1357 »3
1179 1325 1202 1350 e
1231 1315 1314 1350 cosi
1343 1314 1449 1360 dopo
1479 1314 1611 1361 lunghi
1653 1315 1725 1361 giri
1755 1315 1787 1351 si
1816 1314 1965 1351 ritorna
1994 1314 2031 1351 al

243 1377 459 1425 sillogismo
488 1378 712 1424 principale.

349 1442 391 1479 L'
403 1442 634 1490 argomento
654 1444 725 1480 che
754 1443 1106 1487 immediatamente
1135 1454 1259 1491 segue
1280 1446 1357 1489 puo
1387 1443 1648 1481 considerarsi
1677 1445 1788 1490 quasi
1818 1455 1868 1481 un
1903 1444 2029 1481 corol-

243 1507 341 1545 lario
361 1507 616 1557 dellajprova
645 1510 793 1552 ottava;
822 1509 924 1545 basti
953 1508 1108 1555 dunque
1138 1509 1384 1546 enunciarlo:
1415 1509 1513 1546 «llle
1534 1510 1596 1555 qui
1619 1511 1751 1555 potest
1771 1521 1863 1547 esse
1884 1510 2030 1556 optime

244 1571 458 1618 dispositus
486 1573 536 1610 ad
565 1573 790 1620 regendum,
830 1574 974 1619 optime
1004 1574 1105 1611 alios
1133 1573 1343 1620 disponere
1383 1576 1528 1620 potest.
1557 1573 1639 1611 Sed
1669 1575 1879 1612 monarcha
1920 1575 2031 1612 solus

244 1639 307 1674 est
335 1638 399 1674 ille
428 1639 491 1684 qui
522 1640 655 1684 potest
683 1639 827 1684 optime
855 1650 945 1675 esse
976 1639 1190 1684 dispositus
1219 1639 1268 1675 ad
1298 1639 1524 1687 regendum.
1556 1640 1662 1687 Ergo
1683 1641 1892 1677 monarcha
1920 1640 2031 1677 solus

249 1703 394 1748 optime
425 1703 525 1740 alios
554 1703 763 1749 disponere
792 1705 926 1749 potest
954 1719 990 1740 ».

349 1768 405 1804 La
433 1767 582 1805 decima
610 1779 735 1814 prova
763 1767 866 1805 offre
895 1779 919 1805 a
948 1769 995 1805 D.
1039 1770 1249 1806 occasione
1279 1769 1316 1806 di
1346 1770 1521 1807 stabilire
1551 1770 1561 1806 i
1591 1770 1697 1806 limiti
1726 1770 1817 1807 dell'
1835 1771 1974 1807 azione
2005 1781 2028 1807 e

242 1831 305 1869 del
334 1833 503 1879 compito
533 1834 748 1880 assegnato
778 1844 801 1870 a
829 1835 970 1880 questo
1000 1833 1127 1871 ideale
1161 1845 1357 1871 monarca.
1387 1834 1484 1871 Dice
1511 1835 1549 1871 13
1579 1846 1783 1880 premessa
1813 1835 2028 1884 maggiore:

243 1910 263 1933 «
293 1896 438 1943 Quello
466 1898 537 1935 che
566 1898 598 1935 si
628 1899 705 1944 pub
743 1898 828 1935 fare
858 1909 928 1944 per
956 1909 1090 1936 mezzo
1119 1899 1156 1936 di
1186 1909 1264 1936 uno
1293 1900 1394 1942 solo,
1434 1901 1456 1936 e
1491 1900 1635 1947 meglio
1663 1899 1765 1937 farlo
1795 1910 1866 1946 per
1893 1911 2028 1937 mezzo

242 1962 279 1999 di
309 1973 386 2000 uno
415 1963 486 1999 che
515 1962 552 1999 di
568 1963 632 2009 piu
661 1974 706 2007 ›>;
736 1974 758 2000 e
788 1963 825 1999 di
854 1966 995 2010 questa
1023 1975 1226 2010 premessa
1254 1965 1286 2001 si
1316 1964 1367 2001 da
1398 1965 1528 2002 subito
1558 1965 1596 2001 13
1625 1965 1942 2002 dimostrazione.
1973 1965 2029 2002 La

241 2038 444 2074 premessa
472 2028 640 2065 minore:
678 2043 696 2060 «
725 2039 786 2065 ma
813 2029 838 2064 il
867 2039 1016 2076 genere
1045 2039 1186 2066 umano
1216 2030 1293 2075 puo
1324 2040 1437 2066 esser
1465 2031 1570 2067 retto
1599 2030 1650 2067 da
1680 2040 1729 2066 un
1760 2031 1848 2067 solo
1878 2040 2028 2067 sommo

242 2093 413 2139 principe
442 2093 513 2130 che
542 2095 565 2130 e
594 2094 617 2129 il
648 2104 831 2130 monarca
859 2109 877 2126 ›>
926 2094 1041 2130 viene
1084 2094 1266 2142 spiegata
1307 2095 1368 2131 col
1412 2095 1712 2142 ragionamento
1755 2095 1805 2132 ed
1835 2096 2029 2133 illustrata

243 2167 316 2195 con
346 2168 396 2194 un
426 2159 600 2204 esempio
629 2159 729 2195 tolto
772 2158 876 2195 dalla
906 2158 1063 2196 Bibbia:
1110 2158 1215 2206 Ogni
1245 2160 1391 2205 popolo
1420 2160 1511 2196 vive
1540 2160 1577 2196 in
1617 2160 1836 2197 condizioni
1865 2161 2028 2206 speciali

245 2221 295 2259 ed
322 2222 373 2259 ha
401 2216 533 2268 percio
563 2223 731 2270 bisogno
752 2222 789 2259 di
810 2223 915 2270 leggi
945 2223 1126 2269 speciali;
1156 2223 1284 2269 quindi
1314 2224 1338 2260 il
1370 2234 1554 2261 monarca
1574 2223 1684 2261 detta
1704 2225 1822 2272 legge
1851 2226 2027 2262 soltanto

242 2297 312 2333 per
343 2287 396 2334 gli
425 2287 606 2324 interessi
636 2287 787 2324 comuni
816 2298 838 2324 e
869 2288 1070 2335 sorveglia
1098 2287 1269 2325 affinche
1298 2289 1389 2336 ogni
1420 2289 1591 2335 principe
1623 2289 1660 2326 di
1690 2290 1838 2327 minore
1867 2292 2027 2336 potesta

242 2362 367 2399 regga
388 2352 425 2388 13
444 2340 516 2389 sua
535 2354 654 2399 gente
684 2352 859 2389 secondo
887 2353 1079 2400 giustizia.
1117 2352 1165 2389 «l
1195 2354 1353 2399 principi
1385 2354 1607 2400 particolari
1640 2355 1828 2392 ricevono
1857 2354 2028 2392 dall'lm-

240 2419 425 2463 peratore
440 2417 478 2453 13
493 2418 622 2464 legge,
652 2428 762 2454 come
793 2417 1023 2454 l'intelletto
1052 2418 1201 2463 pratico
1226 2428 1297 2464 per
1317 2419 1354 2455 13
1373 2419 1627 2456 conclusione
1660 2420 1866 2465 operativa
1894 2420 2025 2457 riceve

243 2481 282 2518 13
308 2482 583 2527 proposizione
613 2483 814 2530 maggiore
844 2482 1144 2520 dall'intelletto
1174 2483 1419 2529 speculativo
1448 2499 1486 2520 ».

348 2545 444 2583 Cosi
474 2547 591 2583 Mose
620 2545 748 2584 aveva
776 2547 971 2584 riservato
991 2558 1015 2584 a
1034 2549 1079 2584 se
1108 2548 1312 2585 soltantoi
1341 2548 1482 2595 giudizi
1512 2549 1703 2595 superiori
1726 2560 1748 2586 e
1778 2549 1815 2585 d’
1828 2550 2022 2587 interesse

245 2621 420 2648 comune.

348 2675 418 2712 Ρίίι
446 2676 578 2713 sottile
607 2677 904 2724 ragionamento
933 2687 1005 2714 usa
1034 2676 1081 2713 D.
1111 2677 1173 2713 nel
1204 2680 1433 2723 presentare
1478 2677 1500 2714 l‘
1518 2679 1649 2724 ultima
1678 2689 1802 2724 prova
1831 2679 1902 2715 che
1932 2681 1955 2716 e
1985 2679 2023 2716 la

240 2739 425 2783 decisiva‚
454 2742 504 2777 ne
523 2740 649 2778 riesce
668 2740 784 2778 facile
813 2741 985 2788 cogliere
1015 2743 1277 2778 esattamente
1306 2742 1330 2778 il
1351 2743 1487 2779 valore
1508 2742 1611 2779 delle
1640 2743 1810 2780 autorita
1838 2743 2022 2780 invocate

242 2803 293 2842 da
320 2805 371 2842 lui
401 2815 424 2841 a
453 2804 634 2842 conforto
663 2804 767 2842 della
795 2816 867 2843 sua
895 2806 982 2843 tesi.

348 2869 623 2907 Premettiamo
652 2870 676 2906 il
706 2870 922 2918 sillogismo
950 2871 1055 2908 nell‘a
1083 2881 1156 2908 sua
1183 2870 1310 2908 forma
1339 2872 1403 2917 piu
1432 2872 1638 2917 semplice:
1677 2887 1695 2905 c<
1714 2871 1834 2909 Tutto
1859 2873 1920 2910 cio
1950 2873 2022 2910 che

241 2935 264 2970 ὲ
291 2934 435 2977 buono,
478 2936 502 2972 ὲ
530 2935 662 2972 buono
704 2945 774 2981 per
801 2937 955 2981 questo,
999 2935 1142 2981 perche
1184 2936 1356 2972 consiste
1399 2935 1634 2980 nell‘unita;
1677 2938 1770 2984 ogni
1809 2937 2022 2975 concordia

241 2997 408 3044 dipende
437 2998 644 3036 dall'unita
673 2999 735 3036 dei
756 3000 892 3042 voleri,
922 2999 971 3037 ed
1001 3000 1023 3036 il
1053 3010 1201 3047 genere
1231 3010 1372 3037 umano
1401 3002 1463 3037 nel
1489 3012 1562 3038 suo
1592 3002 1744 3049 miglior
1772 3004 1879 3039 stato
1899 3004 1922 3039 ὲ
1944 3013 2022 3039 una

241 3063 372 3109 specie
414 3063 451 3100 di
493 3063 723 3108 concordia3
766 3064 920 3111 dunque
950 3065 973 3101 il
1002 3075 1151 3112 genere
1195 3075 1335 3102 umano
1378 3076 1448 3111 per
1477 3067 1513 3103 la
1547 3077 1619 3103 sua
1661 3066 1807 3104 felicita
1852 3066 2021 3112 dipende
