2248 3372
377 161 445 192 200
874 163 915 188 11.
939 161 1142 186 TRATTATO
1166 160 1298 184 DELLA
1323 159 1564 186 MONAROHIA

331 336 464 379 potest
492 332 541 368 de
571 331 664 372 iure,
694 329 766 366 nisi
805 329 855 365 ab
899 326 1088 364 Ecclesia.
1134 324 1183 360 Et

331 406 515 457 minorem
563 402 730 448 probant
776 410 846 446 per
893 409 941 436 ea
990 407 1090 444 quae
1134 396 1183 432 de

333 482 595 520 Constantino
610 479 790 526 superius
805 479 912 514 tacta
940 478 1041 513 sunt.
1073 474 1183 510 Hanc

333 565 410 602 ego
439 553 623 590 minorem
653 550 842 591 interimo,
873 551 913 584 et
950 557 1064 593 quum
1095 555 1183 591 pro-

331 627 437 668 bant,
468 625 555 661 dico
584 622 688 669 quod
734 632 807 658 sua
854 619 1034 665 probatio
1079 617 1184 653 nulla

333 700 406 740 est,
436 697 525 742 quia
563 693 847 731 Constantinus
889 691 1061 727 alienare
1106 699 1182 725 non

334 770 491 815 poterat
518 766 665 812 Imperii
694 764 932 811 dignitatem,
949 772 1020 797 nec
1052 760 1184 797 Eccle-

333 840 392 876 sia
420 839 607 884 recipere.
639 837 687 872 Et
717 846 802 872 cum
841 832 1092 879 pertinaciter
1135 831 1186 866 in-

333 906 451 946 stant,
476 902 585 949 -quod
615 901 715 943 dico,
746 900 801 936 sic
832 897 987 935 ostendi
1026 898 1184 942 potest:

336 968 485 1006 Nemini
515 969 605 1004 licet
634 977 682 1003 ea
727 965 861 1001 facere
904 974 974 1009 per
1016 960 1186 998 officium

336 1042 407 1080 sibi
437 1041 675 1086 deputatum,
707 1047 807 1082 quae
850 1037 942 1071 sunt
970 1035 1107 1070 contra
1145 1032 1186 1067 il-

338 1113 401 1150 lud
431 1111 626 1153 officium3
657 1109 745 1155 quia
773 1108 829 1144 sic
859 1106 971 1147 idem,
1003 1105 1038 1140 in
1069 1113 1189 1149 quan-

337 1188 415 1222 tum
446 1183 557 1224 idem,
588 1183 697 1218 esset
726 1177 960 1216 contrarium
990 1175 1062 1212 sibi
1093 1174 1186 1220 ipsi:

338 1249 441 1296 quod
471 1250 533 1284 est
562 1245 811 1292 impossibile.
842 1242 923 1279 Sed
954 1243 1090 1278 contra
1135 1237 1190 1275 of-

337 1321 466 1358 ficium
495 1319 720 1364 deputatum
749 1313 971 1360 Imperatori
1001 1314 1063 1348 est
1091 1311 1190 1347 scin-

338 1386 432 1423 dere
461 1383 671 1429 Imperium‚
692 1391 807 1427 quum
838 1378 1008 1416 officium
1026 1377 1109 1414 eius
1140 1376 1191 1412 sit

338 1458 543 1493 humanum
573 1464 698 1501 genus
726 1452 789 1488 uni
819 1450 922 1487 velle
939 1451 979 1486 et
1006 1449 1070 1485 uni
1085 1448 1190 1484 nolle

340 1536 476 1565 tenere
504 1525 731 1566 subiectum,
761 1525 803 1559 ut
831 1523 867 1558 in
908 1522 1030 1567 primo
1078 1519 1191 1556 huius

339 1599 454 1636 facile
501 1596 622 1634 videri
671 1596 827 1641 potest:

340 1670 538 1716 Imperium
568 1666 791 1712 Imperatori
820 1675 897 1701 non
914 1664 1015 1700 licet.
1032 1662 1084 1706 Si,
1095 1673 1192 1710 ergo

341 1741 493 1787 aliquae
523 1739 733 1786 dignitates
780 1747 850 1782 per
893 1734 1192 1771 Constantinum

876 1603 973 1639 ergo
1012 1591 1191 1628 scindere

343 1808 478 1843 essent
507 1804 702 1840 alienatae
731 1823 779 1827 —
810 1804 852 1837 ut
882 1800 1013 1836 dicunt
1052 1820 1100 1825 —
1144 1799 1193 1834 ab
1230 1826 1232 1835 ,

343 1871 516 1917 Imperio,
546 1871 586 1905 et
614 1866 912 1904 cessissentdn
956 1867 1193 1910 potestatem
1231 1877 1232 1886 ¹

345 1935 558 1977 Ecclesiae,
601 1933 726 1970 scissa
755 1933 863 1968 esset
900 1931 1030 1966 tunica
1068 1930 1196 1966 incon·

344 2066 459 2102 etiam
475 2065 537 2111 qui
554 2063 749 2100 Christum
765 2072 898 2098 verum
915 2061 1039 2096 Deum
1058 2061 1196 2096 lancea

345 2135 604 2182 perforarunt.
635 2133 860 2174 Praeterea,
890 2132 990 2168 sicut
1020 2131 1196 2167 Ecclesia

342 2212 453 2239 suum
481 2200 600 2236 habet
629 2197 932 2239 fundamentum,
980 2197 1036 2233 sic
1080 2196 1195 2232 etiam

343 2266 541 2312 Imperium
570 2274 693 2300 suum.
722 2262 821 2299 Nam
845 2257 1047 2298 Ecclesiae
1063 2254 1198 2297 funda-

345 2333 512 2368 mentum
543 2328 722 2365 Christus
751 2329 823 2363 est.
853 2326 965 2364 Unde
981 2325 1197 2371 Apostolus

1260 325 1292 361 E
1337 327 1583 372 sostengono
1622 325 1659 361 la
1702 318 1906 371 premessa
1960 325 2107 363 minore

1259 389 1332 415 con
1363 378 1494 430 quello
1523 378 1594 414 che
1640 378 1673 415 si
1717 380 1740 414 ὲ
1783 380 2002 415 accennato
2044 378 2109 424 pisi

1258 442 1377 477 sopra
1407 431 1444 467 di
1466 430 1715 468 Costantino.
1737 429 1892 476 Questa
1903 441 2109 477 premessa
2155 432 2158 435 '

1258 485 1296 522 io
1321 495 1396 521 non
1423 484 1647 527 l’ammett03
1692 495 1714 520 e
1745 484 1900 530 quando
1920 484 2108 531 vogliono

1259 538 1514 580 dimostrarla,
1545 537 1632 575 dieo
1662 538 1732 574 che
1749 538 1786 574 la
1802 538 1888 574 loro
1908 537 2110 574 dimostra-

1221 602 1223 607 ⁴
1259 591 1370 628 zione
1400 602 1476 628 non
1506 591 1556 628 ha
1584 591 1733 633 valore,
1763 591 1906 636 perche
1943 589 2110 627 Costan-
2145 606 2153 609 ν

1258 645 1340 681 tino
1369 655 1446 681 non
1477 646 1623 690 poteva
1665 644 1836 680 alienare
1879 644 1917 680 la
1961 643 2109 690 dignita

1259 697 1349 734 dell’
1365 697 1525 743 impero,
1555 699 1604 734 ne
1634 698 1670 733 la
1700 695 1847 733 Chiesa
1884 696 2108 733 accettarla.

1242 751 1292 794 ,E
1328 762 1373 788 se
1421 751 1721 787 ostinatamente
1767 750 1799 786 si
1856 759 2108 796 oppongono,

1260 815 1381 850 posso
1420 804 1649 840 dimostrare
1688 805 1771 840 cosi
1801 803 1838 839 la
1879 803 1954 839 mia
1995 801 2111 839 affer-

1260 858 1448 894 mazione:
1478 856 1513 905 Α
1540 866 1713 893 nessuno
1743 858 1767 893 ὲ
1794 856 1911 893 lecito
1939 854 2025 892 fare
2041 865 2111 901 per

1261 910 1421 947 l‘ufticio
1450 909 1669 956 affidatogli
1698 919 1774 947 una
1803 919 1899 955 cosa
1941 908 2012 945 che
2050 907 2139 944 sia«

1262 964 1456 1000 contraria
1485 965 1664 1009 aquesto
1680 961 1840 1005 ufficio;
1868 961 2012 1008 perche
2027 962 2111 998 cosi

1262 1033 1339 1059 una
1353 1025 1484 1059 stessa
1500 1032 1606 1063 cosa,
1623 1020 1930 1058 conservandosi
1945 1019 2038 1062 tale,
2053 1029 2114 1056 sa-

1261 1077 1382 1124 rebbe
1412 1075 1605 1112 contraria
1633 1085 1657 1111 a
1684 1085 1730 1110 se
1757 1076 1900 1117 stessa,
1939 1073 1999 1109 cib
2028 1071 2113 1109 ch’e

1263 1129 1512 1175 impossibile.
1543 1127 1626 1164 Ora
1655 1129 1678 1164 ὲ
1698 1127 1893 1164 contrario
1914 1120 2112 1162 all'ufficio

1265 1181 1457 1219 conferito
1487 1180 1549 1218 all’
1566 1180 1800 1226 imperatore
1817 1179 1995 1220 scindere
2023 1177 2114 1214 l’Im-

1265 1246 1372 1281 pero,
1412 1234 1582 1271 essendo
1625 1233 1758 1270 ufficio
1799 1243 1874 1269 suo
1910 1234 2047 1269 tenere
2088 1230 2113 1267 il

1264 1304 1410 1343 gwere
1440 1304 1580 1330 umano
1609 1294 1798 1343 soggetto
1837 1291 1887 1328 ad
1929 1300 1979 1327 un
2025 1290 2117 1327 solo

1263 1348 1399 1384 volere
1417 1358 1439 1383 e
1457 1347 1506 1383 ad
1523 1357 1572 1382 un
1590 1347 1679 1382 solo
1712 1355 1789 1381 non
1824 1339 1973 1386 vole're,
2004 1353 2114 1380 come

1262 1400 1483 1437 facilmente
1498 1400 1530 1436 si
1547 1401 1623 1445 puo
1639 1398 1785 1435 vedere
1801 1397 1863 1434 dal
1881 1396 2001 1443 primo
2017 1396 2115 1433 libro

1265 1455 1301 1491 di
1330 1455 1471 1500 questo
1502 1454 1690 1489 trattato:
1720 1451 1874 1497 dunque
1904 1459 1982 1486 non
2012 1451 2034 1486 e
2058 1449 2112 1485 le—

1265 1508 1342 1544 cito
1372 1506 1434 1543 all'
1455 1506 1689 1551 Imperatore
1710 1504 1889 1541 scindere
1919 1502 2114 1548 l’Impero.

1266 1566 1453 1603 Pertanto
1496 1575 1540 1602 se
1586 1565 1724 1607 alcune
1771 1562 1917 1609 dignita
1957 1560 2115 1598 fossero

1265 1622 1368 1656 state
1398 1617 1646 1657 alienateda
1675 1615 1910 1653 Costantino
1941 1623 2115 1650 —come

1215 1715 1218 1718 Α
1267 1672 1484 1709 affermano
1515 1692 1564 1697 —
1607 1681 1630 1707 e
1671 1669 1830 1706 fossero
1874 1668 2049 1714 passate
2078 1665 2114 1702 in

1267 1729 1405 1772 potere
1426 1725 1530 1761 della
1555 1723 1712 1765 Chiesa,
1736 1722 1904 1758 sarebbe
1933 1721 2038 1757 stata
2066 1719 2119 1755 la-

1266 1782 1399 1816 cerata
1409 1778 1538 1824 quella
1567 1779 1680 1813 veste
1695 1774 1936 1816 inconsutile,
1953 1773 2024 1810 che
2038 1781 2118 1809 non
2157 1810 2162 1811 ⁷

1268 1848 1442 1875 osarono
1472 1836 1646 1873 dividere
1675 1834 1791 1880 quelli
1820 1834 1891 1869 che
1911 1830 2117 1868 trafissero

1268 1903 1341 1930 con
1371 1892 1409 1927 la
1438 1889 1563 1926 lancia
1580 1887 1726 1930 Cristo,
1741 1897 1839 1923 vero
1855 1885 1944 1922 Dio.
1964 1883 2116 1925 Inostre,

1232 1972 1234 1994 ἱ
1269 1940 1378 1983 come
1409 1945 1446 1979 la
1476 1941 1621 1979 Chiesa
1648 1941 1698 1976 ha
1727 1940 1750 1976 il
1779 1938 1938 1985 proprio
1983 1935 2120 1973 fonda-

342 2001 479 2043 sutilis,
510 2010 623 2045 quam
653 1997 831 2034 scindere
863 1996 946 2032 ausi
989 2006 1065 2032 non
1105 1996 1196 2031 sunt
1232 1999 1234 2013 ³

1269 2000 1412 2039 mento,
1442 1996 1525 2032 cosi
1554 1994 1577 2030 l‘
1598 1994 1746 2039 Impero
1773 1993 1824 2028 ha
1852 1991 1875 2027 il
1905 2001 1992 2031 suo.
2019 1988 2119 2025 Fon-

1270 2052 1452 2088 damento
1482 2048 1585 2084 della
1615 2045 1761 2083 Chiesa
1790 2047 1813 2081 ὲ
1851 2043 2011 2086 Crist03
2048 2051 2119 2088 per

1270 2113 1411 2157 questo
1441 2106 1663 2153 l’Apostolo
1692 2105 1820 2141 scrive
1849 2103 1885 2139 ai
1928 2100 2118 2138 Corintii:

1272 2165 1456 2201 Nessuno
1480 2162 1562 2207 ριιὸ
1584 2169 1702 2205 porte
1745 2160 1801 2194 'zm
1831 2157 1930 2194 altro
1971 2154 2119 2201 fonda-

1271 2221 1401 2254 mento
1430 2216 1525 2252 oltre
1554 2224 1580 2250 a
1609 2212 1749 2258 quello·
1768 2210 1854 2247 elz’e
1869 2212 1974 2246 stato
1987 2211 2118 2254 posto,

1273 2273 1344 2309 clze
1375 2271 1395 2306 ἑ
1426 2267 1534 2305 Οεεῖι
1566 2267 1703 2303 Cristo.
1733 2263 1824 2310 Egli
1858 2264 1880 2299 ἑ
1926 2262 1967 2298 la
1989 2260 2120 2307 pietm

1272 2335 1319 2361 sa
1363 2323 1430 2361 eui
1469 2323 1490 2358 ἑ
1533 2320 1720 2366 edificata
1762 2319 1803 2354 la
1849 2315 2007 2353 Cln'esa.
2050 2312 2120 2350 Ma

441 2534 603 2572 Nemini
624 2532 722 2571 licet
742 2543 792 2570 ea
811 2523 996 2574 faceres.
1025 2533 1113 2573 Dig.
1141 2532 1170 2570 Ι,
1198 2532 1256 2574 21,
1285 2531 1313 2561 L
1341 2530 1398 2562 17.

443 2604 512 2643 11171
537 2604 638 2642 velle
662 2604 704 2641 eff
727 2602 795 2640 υηὶ
819 2602 954 2641 nolle.-
974 2604 998 2636 1'
1014 2604 1152 2644 impero
1177 2602 1276 2634 tiene
1301 2598 1473 2633 concordi
1499 2597 1553 2638 gli
1578 2593 1720 2627 nomini
1746 2593 1806 2624 nel
1843 2575 1976 2623 voleres
2002 2598 2024 2621 o
2061 2588 2121 2620 nel

347 2678 419 2701 non
446 2670 583 2703 vobere.
607 2666 706 2697 Mon.
735 2665 765 2706 Ι,
798 2666 853 2696 15.

2071 2566 2093 2583 s

441 2735 580 2773 sc1'ssa
605 2733 722 2772 esset
742 2732 876 2770 tunica
901 2729 1162 2768 inconsutms
1187 2732 1259 2763 eto.
1288 2730 1442 2762 Iohann.
1468 2728 1612 2767 Evang.
1640 2724 1740 2767 XIX,
1769 2723 1828 2755 23.
1844 2721 1913 2752 Del
1939 2727 2122 2761 paragone

347 2799 378 2830 si
405 2798 488 2829 vale
513 2797 628 2829 anche
654 2794 844 2827 Bonisazio
870 2792 962 2824 VIII
987 2792 1086 2824 nella·
1110 2790 1210 2824 bolla
1240 2790 1390 2821 «Unam
1416 2787 1585 2819 Sanobam
1606 2795 1639 2816 ».

422 2853 665 2911 *apostolus
690 2863 746 2900 ad
769 2859 1027 2899 corinthios:
1056 2862 1124 2901 III,
1155 2863 1211 2893 11.
