2248 3372
1014 179 1142 205 PARTE
1168 179 1214 206 11.
1890 170 1958 204 14?

228 351 438 399 loquendo,
467 352 503 388 in
532 353 714 397 quantum
734 349 824 391 duo,
841 348 957 385 finem
991 357 1082 384 eun·
1154 346 1275 383 rebbe
1291 345 1436 382 inutile.
1455 344 1671 382 Essendoci
1693 344 1847 391 dunque
1859 354 1909 382 un
1924 343 2006 381 fine

234 405 321 443 dem
350 404 579 448 intendere;
607 406 840 449 sequeretur
859 402 958 438 enim
980 401 1080 437 idem
1117 427 1118 443 ¹
1154 401 1216 437 del
1247 399 1391 440 diritto‚
1422 409 1532 435 come
1562 398 1619 435 s’e
1649 398 1771 441 detto,
1805 397 1846 435 fa
1874 398 2006 444 duopo

232 459 525 502 inconveniens,
553 456 658 503 quod
677 457 840 493 alterum
856 455 1006 492 scilicet
1019 465 1081 490 es·
1154 462 1225 498 che
1255 462 1372 507 posto
1401 461 1542 505 questo
1571 458 1662 501 fine,
1684 459 1715 495 gi
1736 469 1868 505 ponga
1884 458 2006 495 anche

231 521 295 556 set
322 517 478 555 friistra.
508 509 636 562 Quum
667 526 764 563 ergo
785 515 878 551 iuris
895 514 986 550 finis
1005 514 1083 559 qui·
1155 526 1204 551 un
1235 514 1380 556 diritto,
1410 511 1583 550 essendo
1613 512 1636 548 il
1674 512 1753 548 fine
1797 512 1955 561 proprio
1984 522 2007 547 e

232 571 321 608 dam
349 571 411 614 sit,
441 572 483 607 ut
510 571 584 606 iam
622 569 861 606 declaratum
903 569 976 610 est,
1020 577 1083 603 ne·
1155 584 1226 620 per
1253 576 1298 611 se
1327 572 1469 610 effetto
1498 572 1561 609 del
1591 571 1734 608 diritto.
1766 571 1797 607 E
1817 571 1955 617 poiche
1970 571 2007 607 in
2055 596 2059 600 ,
2084 568 2089 574 '

232 640 346 668 cesse
375 631 449 672 est,
477 629 557 666 fine
601 629 667 665 illo
709 628 852 674 posito,
882 627 941 664 ius
979 627 1081 672 poni,
1156 628 1248 675 ogni
1269 636 1546 674 conseguenza
1575 627 1598 662 e
1627 625 1865 671 impossibile
1887 635 2008 661 avere

232 693 318 721 cum
347 683 398 720 Sit
426 683 605 729 proprius
633 684 675 718 et
702 691 772 728 Del*
809 692 853 718 88
896 681 988 717 iuris
1030 679 1084 716 ef·
1156 687 1179 724 l'
1197 686 1458 724 antecedente
1496 696 1617 723 senza
1658 685 1682 721 il
1726 685 2008 731 conseguente‚

231 741 371 780 fectus.
402 741 451 778 Et
478 752 592 788 quum
622 741 659 778 in
681 741 782 778 omni
802 739 1083 786 consequentia
1157 752 1268 779 come
1298 751 1394 777 aver
1439 739 1583 776 l’uomo
1626 749 1747 775 senza
1790 737 1813 774 l’
1830 738 2008 780 animale,

231 792 469 842 impossibile
499 795 549 832 sit
575 795 722 832 habere
751 793 993 831 antecedens
1021 793 1098 830 ab·v
1156 812 1266 839 come
1296 800 1474 847 georgesi
1504 797 1749 836 affermando
1769 808 1792 834 e
1812 796 2008 843 negando,

232 847 328 901 sique
357 856 650 901 consequente3
697 855 738 890 ut
765 853 956 890 hominem
999 852 1083 889 sine
1119 854 1121 888 i
1156 856 1239 893 cosi
1296 856 1318 891 ὲ
1374 853 1613 899 impossibile
1660 861 1820 888 cercare
1858 851 1881 886 il
1929 850 2008 886 fine

233 908 399 951 animali,
443 908 543 945 sicut
585 908 695 953 patet
736 905 1001 944 construendo
1044 902 1121 945 et‘:
1157 915 1219 952 del
1267 914 1399 950 diritto
1446 923 1567 949 senza
1612 912 1636 948 il
1675 911 1818 953 diritto,
1866 910 2010 956 perche

233 967 486 1011 destruend03
516 967 571 1004 sic
604 966 842 1012 impossibile
880 968 953 1008 est,
992 966 1085 1002 iuris
1158 969 1249 1016 ogni
1279 977 1375 1004 cosa
1404 969 1427 1003 e
1455 966 1634 1012 disposta
1663 965 1713 1002 ad
1742 975 1792 1001 un
1821 963 1914 1007 flue,
1944 974 2009 1000 co-

233 1019 351 1058 finem
380 1031 572 1066 quaerere
601 1020 685 1056 Sine
714 1020 809 1062 iure,
838 1030 923 1055 cum
965 1029 1083 1064 quae·
1119 1005 1122 1052 Ῑ
1157 1039 1218 1065 me
1248 1028 1271 1064 il
1301 1028 1570 1074 conseguente
1599 1023 1939 1066 all'antecedente;
1960 1023 2012 1059 in-

235 1079 331 1117 libet
358 1087 424 1116 res
451 1079 501 1116 ad
521 1079 715 1126 proprium
734 1077 853 1115 finem
869 1090 913 1115 se
928 1079 1084 1120 habeat,
1157 1081 1244 1118 fatti
1273 1080 1441 1118 sarebbe
1470 1078 1708 1126 impossibile
1737 1079 1918 1115 ottenere
1934 1086 2011 1113 una

235 1134 345 1170 velut
372 1143 619 1179 consequens
647 1132 697 1169 ad
726 1131 977 1169 antecedens:
998 1141 1084 1168 nam
1120 1140 1122 1167 l
1158 1142 1290 1179 buona
1318 1139 1577 1177 costituzione
1592 1137 1705 1175 fisica
1721 1136 2012 1174 dellemembra

238 1192 476 1238 impossibile
524 1193 598 1234 est,
640 1192 780 1228 bonam
823 1191 1085 1228 valetudinem
1121 1200 1123 1214 ·
1159 1205 1279 1232 senza
1307 1195 1346 1230 la
1374 1194 1515 1230 salute.
1546 1191 1633 1229 Con
1650 1192 1710 1228 cio
1741 1191 1773 1228 si
1803 1189 2011 1226 manifesta

239 1245 498 1301 membrorum,
536 1245 730 1292 affingere
777 1245 861 1281 Sine
904 1245 1086 1281 Sanitate·
1122 1248 1123 1260 ¹
1159 1255 1196 1291 in
1226 1253 1342 1291 modo
1372 1253 1557 1290 evidente
1586 1252 1657 1289 che
1686 1251 1745 1288 chi
1766 1251 1860 1287 mira
1880 1250 1915 1286 al
1931 1249 2011 1286 fine

239 1303 406 1350 Propter
433 1304 537 1350 quod
553 1303 843 1340 evidentissime
859 1305 968 1350 patet
982 1303 1086 1350 quod
1122 1337 1124 1350 ξ
1161 1308 1224 1344 del
1254 1307 1401 1350 diruto,
1431 1306 1534 1343 deve
1563 1305 1717 1342 mirarvi
1750 1315 1824 1341 con
1868 1303 2011 1346 diruto,

238 1361 355 1399 finem
384 1362 477 1399 iuris
517 1362 782 1399 intendentem
811 1364 970 1408 oportet
997 1373 1086 1399 cum
1122 1394 1125 1413 ε
1160 1369 1210 1404 ne
1238 1367 1288 1404 ha
1316 1367 1454 1403 valore
1482 1365 1717 1402 l’obiezione
1751 1364 1822 1400 che
1852 1363 1883 1400 si
1900 1363 2013 1400 suole

236 1420 318 1458 iure
348 1421 577 1466 intendere3
623 1432 695 1459 nec
742 1422 850 1458 valet
891 1422 1086 1465 instantia,
1123 1415 1124 1463 J
1159 1424 1284 1458 trarre
1300 1420 1403 1457 dalle
1419 1420 1555 1466 parole
1570 1418 1633 1455 del
1649 1416 1841 1460 Filosofo,
1856 1416 2012 1462 quando

236 1485 340 1520 (luae
368 1474 418 1511 de
446 1475 580 1512 verbis
626 1475 850 1521 PhilOSODhi
894 1476 1087 1513 eubuliflm
1123 1518 1125 1525 ,
1160 1483 1282 1517 tratta
1310 1479 1588 1516 dell'eubulia.
1636 1476 1763 1514 Infatti
1793 1477 1871 1523 egli
1900 1475 2012 1514 dice:

206 1575 210 1585 ι
239 1534 515 1583 pertractantis
556 1534 642 1571 elici
684 1535 799 1571 solet.
843 1534 946 1571 Dicit
987 1536 1087 1578 enim
1165 1538 1181 1554 ‘⁴
1201 1534 1243 1572 Si
1273 1534 1323 1570 da
1352 1544 1447 1579 pure
1477 1533 1620 1578 questo
1649 1531 1721 1567 che
1750 1530 1800 1566 da
1829 1540 1879 1566 un
1908 1528 2012 1566 falso

242 1585 527 1633 Philosophus:
566 1591 582 1607 ‘⁴
602 1586 683 1624 Sed
712 1589 775 1624 eSt
802 1589 844 1624 et
870 1588 944 1625 hoe
985 1587 1087 1625 fal-50
1123 1602 1125 1612 ²
1159 1594 1376 1641 sillogismo
1422 1593 1455 1629 si
1497 1594 1639 1638 tragga
1681 1591 1718 1626 la
1759 1589 2012 1626 conclusione

237 1645 478 1692 syllogismo,
507 1646 636 1683 sortiri
674 1646 778 1693 quod
793 1646 956 1692 quidem*
976 1657 1089 1695 opor·
1161 1647 1325 1696 (giusta)
1354 1646 1425 1683 che
1454 1656 1504 1682 ne
1533 1645 1635 1682 deve
1667 1643 1814 1685 venire,
1844 1653 1906 1679 ma
1933 1652 2011 1679 non

238 1699 298 1734 ῒθῒ
341 1699 484 1742 sortiri,
531 1709 601 1745 Del·
646 1699 751 1745 quod
797 1702 926 1736 autem
983 1710 1085 1738 non:
1159 1717 1230 1752 per
1258 1716 1393 1743 mezzo
1422 1704 1459 1741 di
1488 1704 1619 1751 quello
1640 1713 1710 1749 per
1729 1702 1788 1739 cui
1809 1701 2012 1739 dovrebbe

237 1756 310 1794 sed
337 1755 476 1794 falsum
505 1758 669 1795 medium
698 1759 899 1796 terminum
928 1771 1022 1797 esse
1052 1788 1086 1805 „.
1159 1760 1320 1796 venire:
1350 1770 1412 1796 ma
1440 1759 1464 1795 il
1494 1758 1656 1794 termine
1673 1755 1801 1792 medio
1818 1755 1960 1792 efalso
1978 1783 2012 1800 „.

236 1814 332 1853 Nam
361 1816 394 1853 si
422 1827 472 1854 ex
498 1816 610 1854 falsis
637 1828 771 1855 verum
799 1818 1085 1864 quodammodo
1160 1818 1308 1855 Perthe
1337 1829 1382 1855 se
1411 1818 1514 1855 dalle
1541 1816 1642 1853 false
1659 1826 1860 1862 premesse
1876 1815 1908 1852 si
1925 1825 2014 1852 con-

198 1888 201 1890 ·
237 1874 490 1918 concluditur,
520 1876 593 1913 hoc
622 1879 685 1914 est
713 1888 783 1923 per
822 1878 1017 1922 accidens,
1048 1879 1083 1916 in
1120 1875 1122 1902 3
1158 1877 1270 1914 clude
1299 1878 1335 1914 in
1365 1878 1528 1924 qualche
1562 1875 1679 1913 modo
1726 1875 1750 1911 il
1797 1868 1907 1916 vero,
1950 1874 2011 1911 cio

235 1935 418 1980 quantum
448 1935 540 1972 illud
568 1946 702 1973 verum
745 1937 974 1983 importatur
1015 1949 1085 1984 per
1158 1937 1304 1975 accade
1333 1947 1404 1983 per
1432 1936 1646 1977 accidente,
1676 1936 1713 1972 in
1747 1936 1894 1980 quanto
1923 1934 2011 1980 quel

235 2003 358 2031 voces
402 1994 611 2038 illationis;
658 2005 728 2041 per
773 2007 817 2033 se
873 1997 974 2034 enim
1020 2009 1085 2034 ve·
1118 1994 1121 2046 ζ
1158 1985 1386 2035 vero'viene
1403 1996 1496 2033 dato
1512 1993 2012 2034 dallevocidell‘illazione‚

331 2196 604 2235 consirvendo
628 2198 671 2235 el
692 2198 936 2244 destruendo
965 2217 1006 2231 ’-
1035 2203 1318 2236 nell’atfermare
1343 2213 1362 2235 e
1390 2204 1447 2235 nel
1475 2212 1621 2245 negare,
1649 2203 1728 2235 oioe
1757 2202 1857 2234 nella
1897 2201 2013 2234 forma

236 2254 470 2289 efformativa·
494 2258 538 2290 ed
566 2260 600 2290 in
628 2260 752 2300 quella
778 2262 952 2302 negativa
978 2262 1076 2294 della
1105 2263 1373 2303 proposizione.

330 2319 383 2362 όέ
409 2325 543 2363 verbis
564 2326 803 2374 philosophi
823 2329 1024 2369 cabaliam
1047 2330 1345 2376 pertractantis.
1370 2333 1457 2367 Ezh.
1474 2333 1506 2371 N
1511 2333 1556 2367 ie.
1586 2333 1651 2374 VI,
1671 2331 1821 2376 10(ant.
1851 2329 2014 2371 transl).

242 2385 421 2419 «Eubuli-a
432 2388 626 2420 eonsilium
641 2390 879 2431 quoddam....
896 2393 1079 2424 rectitudo
1103 2393 1280 2434 quaedam
1305 2395 1362 2425 est,
1386 2393 1521 2424 mabulia
1546 2392 1755 2426 consilii....
1783 2392 1885 2424 Talis
1911 2392 2015 2423 rsoti-

237 2445 327 2477 tudo
350 2446 497 2478 oonsilii
522 2448 657 2480 eubulia
681 2458 772 2490 quae
798 2450 883 2482 boni
909 2451 1096 2492 adoptiva.
1125 2445 1193 2483 Sed
1219 2454 1275 2484 est,
1301 2454 1337 2484 etz
1363 2451 1432 2484 hoo
1459 2447 1554 2484 falso
1588 2451 1817 2492 syllogismo,
1842 2454 1879 2483 et
1916 2451 2012 2492 quod

236 2504 382 2545 quidem
408 2508 552 2546 oportet
577 2506 696 2542 faeere
720 2509 857 2550 sortiri,
884 2519 947 2551 per
971 2511 1068 2552 quod
1095 2513 1216 2543 autem
1243 2521 1328 2551 non,
1354 2511 1418 2543 sed
1443 2510 1579 2543 falsum
1618 2511 1776 2543 medium
1815 2510 2012 2542 terminum

236 2571 365 2596 esse».
390 2563 470 2596 Ele·
482 2566 695 2606 explanatio
719 2567 820 2608 (leot.
837 2568 905 2610 8⁸).
934 2569 1172 2602 Manifestum
1198 2572 1254 2602 est.
1278 2570 1376 2611 quod
1402 2579 1472 2602 non
1500 2570 1638 2602 dieitur
1665 2572 1760 2601 rec-te
1792 2569 2014 2610 syllogizare

234 2622 298 2663 qui
324 2631 446 2654 veram
471 2625 740 2658 conclusionem
766 2635 831 2667 pei·
851 2614 1005 2660 'falsum
1046 2629 1205 2660 medium
1244 2628 1502 2669 concluderem
1542 2629 1639 2661 unde
1681 2626 1903 2668 consequens
1945 2628 2013 2665 est,

236 2681 331 2723 quod
357 2691 427 2714 non
454 2683 504 2714 sit
531 2691 619 2715 vere
638 2684 799 2724 eubulia,
825 2687 1024 2719 seeundum
1052 2697 1159 2728 quam
1186 2687 1323 2728 aliquis
1348 2688 1572 2728 adipiscitur
1598 2687 1710 2720 finem
1724 2697 1829 2728 quem
1857 2689 2013 2727 oportet,

220 2732 308 2772 'non
334 2743 455 2773 autem
482 2751 546 2782 per
571 2742 668 2774 viam
694 2753 802 2784 quam
828 2747 984 2784 oportet.
1011 2745 1087 2778 (tfr.
1112 2746 1229 2780 Conv.
1256 2746 1305 2778 IV
1332 2747 1367 2788 9,
1396 2746 1528 2786 perche
1555 2747 1616 2778 noi
1643 2746 1839 2778 volessimo
1881 2746 1948 2777 ohe
1986 2745 2012 2777 il

237 2798 442 2841 sillogismo
479 2810 544 2832 oon
572 2801 658 2833 falsi
684 2802 859 2843 principii
886 2804 1148 2842 oonohiudesse
1173 2805 1294 2836 verita.
1318 2804 1583 2843 dinnostrundo,
1601 2804 2011 2838 nonoonohiuderebbe:

239 2855 332 2890 Eoeo
357 2868 406 2890 un
430 2860 615 2900 esempio:
642 2861 770 2893 Omnis
797 2862 892 2903 lapis
918 2864 975 2894 est
999 2862 1136 2894 animal
1162 2879 1179 2888 -
1206 2863 1312 2895 homo
1353 2866 1409 2909 est.
1440 2863 1535 2903 lapis
1574 2882 1587 2887 -
1627 2864 1735 2895 homo
1771 2866 1827 2896 vet
1860 2864 2010 2896 animal.

239 2915 470 2958 Consequens
494 2921 550 2951 est
582 2929 706 2951 verum
733 2922 770 2952 et
795 2923 917 2952 tamen
945 2922 1165 2961 praemissae
1190 2923 1277 2954 sunt
1317 2922 1444 2963 salsae,
1474 2922 1562 2963 quia
1589 2922 1722 2954 salsum
1748 2925 1804 2955 est
1831 2923 2013 2963 medium3

241 2971 368 3007 Thom.
396 2977 462 3018 Aq‚
491 2978 638 3010 Summa
664 2978 778 3012 theol.
808 2979 823 3010 1
849 2989 887 3020 g.
917 2980 960 3011 77
987 2989 1006 3011 e
1034 2980 1069 3011 ΙΙ
1098 2989 1140 3022 n,
1169 2981 1287 3020 76‚·1.

331 3051 407 3087 per
429 3053 554 3082 voces
578 3044 802 3084 llldllom’s:
827 3049 1035 3090 Propositio
1061 3050 1173 3083 tert-ia
1202 3060 1294 3091 quae
1320 3059 1364 3082 ex
1406 3051 1549 3083 duabus
1586 3053 1799 3092 praemissis
1836 3053 2016 3093 sequitur,

241 3106 393 3135 voeatur
418 3105 552 3141 illatio.
584 3107 804 3146 «Iliazione,
830 3109 1062 3141 oonolusione
1077 3118 1111 3144 ».
