2248 3372
771 185 773 187 ’
1083 171 1214 231 rin-ne
1237 185 1283 217 η.
1949 186 2020 220 213

103 323 131 343 Α.
348 342 350 344 ,

103 356 166 408 ,ζ’
195 362 211 375 ”
259 349 426 404 ,ἕ-αῒίᾷιιό
442 351 678 403 Imperatore
714 365 793 400 non
830 355 1036 402 receperit,
1066 365 1137 402 per
1266 355 1352 394 Che
1390 358 1454 404 poi
1493 369 1571 395 non
1611 357 1634 395 l’
1651 358 1766 396 abbia
1803 358 1980 396 ricevuta
2016 358 2068 396 da

284 425 335 455 ea
361 425 463 463 quae
481 415 662 462 superius
681 413 890 452 manifesta
907 417 1010 457 sunt,
1025 416 1138 465 patet

252 479 256 482 '
282 472 538 514 sufficienter.
572 473 622 511 Et
657 473 763 520 quod
805 474 921 511 etiam
963 473 1136 511 adsensu

275 526 452 578 ‘omnium
491 534 556 571 vel
598 533 916 580 praevalentium
948 543 1026 570 non
1073 533 1138 569 ha-

283 593 427 636 buerit,
451 592 538 639 quis
566 592 728 635 dubitat,
757 603 872 639 quum
910 602 989 629 non
1019 591 1136 646 modo

283 650 419 690 Asiani
453 653 494 688 et
521 649 693 689 Africani
723 661 872 695 omnes,
901 651 991 698 quin
1020 642 1138 688 etiam

220 752 222 754 ,
283 710 407 763 maior
434 720 528 758 pars
569 710 764 757 Europam
806 711 1015 748 colentium
1063 711 1137 747 hoc

86 779 96 791 ¹
207 767 525 821 *,-†abliori'·eat'i’
564 768 761 807 fastidium
803 770 946 807 etenim
993 772 1056 807 est
1100 770 1137 817 in

282 829 405 867 rebus
430 827 753 886 manifestissimis
782 830 1038 876 probationes
1069 829 1140 884 ad-

199 928 224 941 »2
258 897 262 899 ·
283 886 442 927 ducere.

338 1013 415 1052 XV.
445 1014 552 1061 (nv)
579 1013 683 1057 Item,
714 1013 805 1050 illud
834 1013 939 1060 quod
959 1015 1024 1050 est
1045 1024 1139 1050 con·
1158 1054 1174 1060 ‚

283 1086 347 1123 tra
355 1086 536 1136 'naturam
551 1085 713 1122 alicuius
729 1095 807 1122 non
825 1087 888 1122 est
907 1085 957 1121 de
971 1078 1141 1122 ‘numero

283 1156 446 1208 suarum·
469 1150 653 1194 virtutum
683 1161 798 1196 quum
827 1147 1144 1188 virtutesunius·

223 1253 227 1256 .
286 1222 472 1268 cuiusque
517 1222 574 1259 rei
623 1224 914 1269 consequantur
963 1224 1141 1260 naturam

285 1293 382 1336 eius,
426 1280 588 1340 propter
631 1292 722 1331 finis
769 1293 1029 1340 adeptionem,
1067 1293 1140 1330 sed

282 1364 410 1402 virtus
455 1364 719 1402 auctorizandi
766 1375 928 1412 regnum
976 1366 1139 1402 nostrae

219 1427 221 1429 ¹
259 1485 263 1490 ¹
285 1422 545 1473 mortalitatis
562 1437 624 1473 est
657 1438 795 1474 contra
814 1439 990 1474 naturam
1012 1436 1143 1474 Ecclea

216 1490 221 1522 1
262 1506 395 1549 Qsiae:
425 1516 523 1555 ergo
551 1517 629 1544 non
659 1510 722 1544 est
750 1507 800 1544 de
828 1518 990 1545 numero
1020 1497 1141 1544 virtu-

285 1577 365 1614 tum
410 1588 579 1616 suarum.
621 1577 682 1615 Ad
729 1579 966 1616 evidentiam
1009 1581 1140 1616 autem

284 1647 456 1691 minoris,
475 1649 686 1693 sciendum,
707 1650 812 1696 quod
841 1653 981 1688 natura
1011 1651 1146 1706 Ε8818-Ι

286 1719 372 1759 siae
412 1718 538 1758 forma
567 1723 630 1758 est
658 1721 873 1759 Ecclesiae.
893 1721 992 1759 Nam
1012 1733 1141 1768 quam-

286 1791 347 1828 vis
365 1793 505 1832 natura
523 1791 674 1830 dicatur
692 1792 742 1840 de
762 1793 924 1830 materia
940 1795 981 1830 et
999 1792 1140 1837 forma,

287 1862 447 1909 propius
467 1903 469 1908 .
488 1864 617 1901 tamen
660 1863 798 1900 dicitur
839 1863 899 1901 de'
930 1863 1069 1908 forma,
1099 1867 1142 1901 ut

287 1934 489 1983 ostensum
503 1936 567 1971 est
581 1934 618 1971 in
635 1932 822 1973 Naturali
831 1936 982 1974 auditu.
998 1936 1140 1974 Forma

286 2005 416 2041 autem
446 2004 648 2043 Ecclesiae
677 2006 767 2043 nihil
797 2007 901 2044 aliud
930 2010 1004 2051 est,
1025 2019 1139 2054 quam

285 2074 369 2112 vita
410 2074 554 2121 Christi
596 2078 674 2114 tam
717 2077 753 2114 in
796 2077 908 2115 dictis
951 2090 1064 2125 quam
1104 2081 1140 2116 in

275 2143 401 2195 >factis
429 2147 725 2193 comprehensa:
754 2148 844 2186 Vita
872 2150 972 2186 enim
1015 2151 1135 2196 ipsius

288 2206 377 2253 idea
404 2215 477 2253 fuit
505 2218 546 2253 et
574 2219 773 2264 exemplar
793 2219 989 2257 militantis
1011 2221 1142 2258 Eccle-

287 2285 383 2331 siae,
430 2289 658 2342 praesertim
716 2293 927 2336 pastorum,
975 2292 1139 2329 maxime

1211 409 1375 456 qualche
1404 411 1653 458 Imperatore,
1670 412 1808 454 risulta
1825 412 2069 449 abbastanza

1212 463 1344 501 chiaro
1373 464 1424 502 da
1452 465 1584 511 quello
1614 466 1686 502 che
1714 475 1836 511 sopra
1854 465 1887 502 si
1908 467 1931 502 ὲ
1951 465 2070 502 dimo-

1198 518 1360 564 „strato;
1390 518 1462 554 che
1482 516 1601 554 infine
1622 529 1700 555 non
1722 517 1745 554 l’
1757 518 1872 555 abbia
1892 518 2069 555 ricevuta

1211 568 1274 606 dal
1317 581 1515 608 consenso
1558 571 1595 607 di
1638 572 1726 608 tutti
1756 582 1780 608 o
1811 572 1966 609 almeno
2004 571 2068 608 dei

1211 616 1478 671 migliori,'chi
1507 626 1626 661 vorra
1668 625 1846 662 dubitare
1889 624 1952 667 dal
1991 614 2070 662 mol

1211 679 1344 714 mento
1373 678 1452 714 che.
1473 688 1551 715 non
1581 675 1671 715 solo
1701 678 1753 725 gli
1782 677 1943 715 Asiatici
1968 688 1995 714 e
2015 678 2068 725 gli

1211 727 1396 774 Africani,
1427 741 1488 767 ma
1518 731 1555 767 la
1588 731 1766 778 maggior
1810 734 1921 776 parte
1964 731 2069 778 degli

1212 783 1374 836 abitanti
1394 783 1430 820 d’
1448 784 1606 830 Europa
1625 785 1854 831 rimangono
1875 784 2069 821 estranei?

1213 837 1246 874 E
1274 838 1432 884 proprio
1461 847 1539 874 una
1568 848 1666 874 cosa
1694 838 1862 884 uggiosa
1899 837 2067 874 addurre

1170 938 1174 942 Δ
1213 901 1336 937 prove
1366 891 1402 927 in
1432 891 1626 937 questioni
1656 892 1739 928 cosi
1769 890 1952 927 evidenti.

1267 1015 1340 1052 XV.
1371 1015 1476 1061 (xiv)
1507 996 1653 1059 Quello
1690 1014 1762 1051 che
1806 1016 1828 1050 ὲ
1871 1015 2069 1052 contrario

1215 1069 1292 1105 alla
1319 1070 1460 1104 natura
1488 1067 1525 1104 di
1563 1077 1640 1104 una
1679 1078 1775 1104 cosa
1819 1078 1896 1104 non
1940 1070 1962 1104 e
2005 1069 2068 1105 nel

1214 1131 1376 1158 numero
1391 1121 1494 1158 delle
1509 1131 1581 1158 sue
1596 1121 1710 1164 virtu,
1727 1121 1899 1158 essendo
1916 1122 1952 1158 le
1967 1122 2070 1158 virtu

1214 1174 1251 1212 d’
1268 1175 1359 1222 ogni
1390 1185 1485 1212 cosa
1514 1173 1703 1211 conformi
1733 1175 1809 1211 8118
1838 1185 1910 1211 sua
1930 1177 2070 1211 natura
2135 1221 2140 1225 ι

1215 1239 1286 1274 per
1315 1228 1339 1264 il
1370 1228 1692 1275 conseguimento
1713 1227 1775 1264 del
1796 1238 1869 1264 suo
1890 1227 1982 1264 fine.
1999 1227 2069 1264 Ma

1215 1283 1253 1318 la
1280 1282 1382 1318 virtu
1402 1281 1438 1318 di
1459 1283 1596 1317 tenere
1617 1291 1690 1318 con
1711 1282 1880 1318 autorita
1901 1282 1924 1317 il
1945 1291 2070 1328 regno

1215 1335 1319 1372 della
1347 1336 1483 1371 nostra
1511 1335 1592 1371 vita
1621 1335 1786 1371 mortale
1813 1336 1835 1370 e
1865 1337 2002 1371 contro
2033 1335 2071 1371 la

1214 1390 1354 1425 natura
1396 1387 1500 1424 della
1543 1387 1702 1431 Chiesa;
1731 1387 1886 1433 dunque
1930 1398 2006 1424 non
2043 1389 2069 1424 e

1214 1442 1277 1478 nel
1307 1452 1468 1478 numero
1497 1440 1600 1477 delle
1629 1452 1700 1478 sue
1729 1442 1843 1478 virtu.
1873 1440 1950 1477 Per
1974 1450 2070 1477 ren-

1214 1495 1310 1532 dere
1340 1494 1523 1531 evidente
1555 1495 1822 1541 la‘premessa
1855 1494 2016 1537 minore,
2046 1495 2069 1532 ὲ

1214 1548 1266 1585 da
1293 1558 1436 1594 sapere
1468 1548 1538 1584 che
1569 1548 1605 1584 la
1634 1550 1774 1583 natura
1802 1547 1905 1584 della
1921 1546 2070 1584 Chiesa
2117 1548 2121 1551 “

1215 1603 1237 1638 e
1262 1602 1300 1638 la
1322 1600 1449 1638 forma
1472 1602 1604 1637 stessa
1628 1601 1731 1637 della
1749 1600 1907 1643 Chiesa,
1924 1601 2068 1646 perche

1215 1665 1285 1700 pur
1296 1654 1482 1691 usandosi
1494 1655 1532 1690 la
1548 1654 1684 1700 parola
1702 1657 1841 1690 natura
1857 1664 1928 1699 per
1943 1654 1981 1690 18
1991 1663 2070 1690 ma-

1214 1709 1313 1744 teria
1333 1718 1355 1744 e
1382 1708 1419 1743 la
1451 1706 1589 1749 forma,
1623 1707 1858 1743 nondimeno
1892 1717 1966 1744 con
2005 1707 2070 1752 piu

1214 1761 1413 1807 proprieta
1448 1761 1568 1797 dicesi
1598 1761 1702 1798 della
1725 1759 1862 1803 forma,
1888 1770 1998 1797 come
2046 1761 2070 1796 e

1214 1814 1445 1851 dimostrato
1475 1815 1538 1850 nel
1568 1814 1665 1850 libro
1703 1829 1720 1846 «
1740 1813 1856 1850 Della
1890 1813 2069 1850 naturale

1215 1868 1481 1904 ascoltazione
1524 1882 1562 1903 >›.
1605 1867 1675 1903 Ma
1718 1868 1755 1903 la
1796 1866 1921 1904 forma
1964 1866 2069 1902 della

1215 1920 1362 1958 Chiesa
1403 1931 1481 1957 non
1524 1923 1547 1957 e
1590 1922 1691 1957 altro
1734 1921 1805 1956 che
1849 1921 1885 1957 la
1922 1920 2003 1956 vita
2032 1919 2069 1955 di

1215 1973 1348 2011 Cristo
1378 1984 1583 2020 compresa
1613 1974 1674 2010 nei
1700 1974 1791 2010 suoi
1828 1973 1924 2010 detti
1954 1983 1976 2009 e
2006 1972 2069 2008 nei

1213 2028 1300 2064 suoi
1329 2026 1428 2069 fatti,
1459 2027 1602 2073 perche
1632 2028 1669 2063 la
1688 2027 1769 2063 vita
1789 2037 1861 2063 sua
1880 2026 1922 2062 fu
1942 2024 2071 2062 un'im-

1214 2081 1368 2128 magine
1397 2080 1446 2116 ed
1475 2090 1525 2116 un
1564 2080 1733 2116 modello
1776 2080 1879 2116 della
1923 2079 2070 2116 Chiesa

1214 2134 1413 2175 militante,
1445 2134 1479 2169 in
1509 2133 1655 2178 special
1687 2133 1803 2170 modo
1833 2133 1894 2169 dei
1920 2131 2069 2178 pastori

1215 2197 1237 2222 e
1267 2187 1303 2222 al
1334 2187 1516 2224 massimo
1546 2186 1671 2233 grado
1701 2187 1763 2222 del
1807 2196 1956 2225 sommo
1999 2184 2071 2221 Pa-

1213 2242 1336 2282 store,
1367 2241 1402 2276 81
1433 2240 1549 2285 quale
1579 2242 1711 2285 spetta
1741 2250 1906 2285 pascere
1936 2240 1971 2275 le
2002 2248 2069 2283 pe-

1215 2293 1360 2329 corelle
1408 2303 1430 2329 e
1487 2293 1538 2340 gli
1594 2293 1763 2340 agnelli;
1792 2292 1923 2329 sicche
1981 2291 2067 2337 Egli

379 2460 455 2502 Xv.
483 2460 599 2506 (nv).
617 2458 661 2496 ut
683 2459 893 2498 ostensum
918 2461 986 2500 est
1008 2461 1049 2500 1'n
1076 2461 1264 2501 Naturali
1287 2461 1437 2500 audim.
1466 2461 1581 2506 Phys.
1606 2466 1657 2507 11,
1688 2468 1703 2497 1
1735 2464 1837 2508 (leot.
1864 2465 1932 2507 2⁸).

380 2529 524 2569 Forma
547 2530 680 2569 aufem
704 2529 976 2570 Ecclesiae-u.
1004 2535 1124 2576 Epist.
1138 2537 1184 2568 ad
1198 2536 1298 2569 Flor.
1318 2535 1413 2579 (VI).
1432 2549 1452 2566 «
1467 2536 1737 2569 Sacratissimis
1751 2537 1896 2578 legibus
1910 2546 2003 2577 quae
2017 2537 2070 2568 iu-

286 2591 414 2626 atiniae
438 2593 620 2626 naturalis
646 2593 842 2627 imitantur
866 2594 1066 2636 imaginem
1084 2606 1118 2628 ».
1146 2595 1280 2628 Forma
1304 2596 1476 2638 significa
1501 2595 1678 2628 l'essenza
1703 2597 1741 2628 di
1771 2606 1843 2627 una
1866 2605 1964 2637 oosa,
1993 2605 2014 2627 o
2040 2595 2069 2627 il

286 2709 357 2752 Aq.
384 2709 485 2743 Sum.
507 2700 623 2743 theol.
652 2711 681 2751 1,
714 2714 856 2752 quaest.
881 2712 914 2754 9,
940 2712 973 2747 a.
1004 2714 1036 2747 2.

162 2635 221 2687 4²7,
285 2650 472 2693 principio
495 2651 612 2684 vitale
636 2652 704 2685 ohe
728 2653 943 2686 costituisoe
967 2653 1144 2687 l’essenza
1168 2655 1206 2687 di
1233 2665 1307 2687 una.
1343 2665 1440 2687 cosa.
1482 2655 1597 2694 Conv.
1626 2655 1692 2697 IV,
1739 2656 1793 2687 10.
1832 2654 1907 2687 Ofr.
1940 2654 2070 2687 Thom.
