2248 3372
393 219 437 250 32
810 246 816 253 .
893 229 933 253 11.
957 229 1160 255 TRATTATO
1185 231 1316 255 muman
1341 231 1580 257 MONARCHIA

1631 306 2119 326 “ww

451 390 505 426 Le
534 392 664 427 stesse
695 391 888 429 obiezioni
908 393 1081 439 valgono
1111 404 1181 439 per
1201 395 1224 430 il
1245 395 1421 432 secondo
1450 399 1681 444 argomento
1710 398 1876 435 dedotto
1904 383 2122 445 pure‘dalla

344 454 493 498 Bibbia,
515 455 538 491 il
559 456 673 501 quale
702 457 847 493 ricorre
868 457 905 493 in
926 457 1015 504 Ugo
1044 457 1081 494 di
1111 457 1152 495 S.
1172 458 1338 502 Vittore,
1368 460 1405 496 in
1434 459 1677 499 Alessandro
1697 462 1734 499 di
1755 463 1889 507 Hales,
1919 464 1956 501 in
1982 464 2137 512 Egidio·

344 519 520 556 Romano
550 520 599 557 ed
628 521 664 557 in
683 521 888 558 Bonifazio
903 522 979 560 VIII
1008 523 1087 569 (1):
1118 538 1135 556 <‹
1152 522 1276 561 Come
1306 524 1400 561 Levi
1430 525 1598 571 precede
1619 537 1688 572 per
1707 529 1857 576 nascita
1878 528 2018 573 Giuda,
2038 531 2121 567 cosi

341 583 529 621 laChiesa
543 585 712 631 precede
728 597 798 632 per
813 588 982 624 autorita
999 587 1180 633 l'lmpero
1192 603 1227 624 ».
1244 587 1377 626 Anche
1394 590 1456 635 qui
1477 590 1501 626 il
1531 591 1733 636 predicato
1748 592 1851 630 della
1870 595 2120 632 conclusione

342 650 364 685 e
394 649 552 686 diverso
581 649 631 687 da
660 651 790 696 quello
820 644 923 688 della
960 663 1162 698 premessa
1196 666 1215 688 «
1245 664 1332 690 nam
1362 654 1465 690 aliud
1495 658 1558 692 est
1586 657 1799 694 auctoritas
1828 659 1868 694 et
1896 658 2000 696 aliud
2028 660 2122 696 nati·
2154 685 2156 687 v

339 713 442 750 vitas
470 715 648 752 subiecto
677 717 719 752 et
746 717 898 753 ratione
918 732 954 759 >›,
985 727 1007 753 e
1036 717 1183 754 ridotto
1212 728 1235 754 a
1264 719 1421 755 schema
1451 720 1474 755 il
1504 720 1721 767 sillogismo
1749 722 1939 759 sarebbe:
1970 721 2005 760 A
2033 734 2120 769 pre-

340 778 438 815 cede
473 779 506 815 B
534 780 570 815 in
602 778 656 823 C;
695 781 731 817 D
760 781 809 817 ed
840 782 871 817 E
900 783 1041 818 stanno
1070 793 1181 819 come
1219 782 1254 819 A
1282 794 1305 820 e
1335 783 1379 827 B,
1418 795 1516 831 ergo
1546 785 1582 821 D
1610 786 1779 831 precede
1810 786 1842 823 E
1868 787 1906 824 in
1934 787 1977 830 F,
2015 787 2119 826 dove
2159 829 2182 843 ,1

341 842 375 880 C
395 843 444 880 ed
464 843 494 880 F
523 855 623 882 sono
652 845 728 882 due
757 857 851 883 cose
881 846 1049 883 diverse.
1079 846 1164 884 Che
1193 859 1237 884 se
1267 849 1331 894 poi
1360 849 1413 896 gli
1443 851 1644 887 avversari
1674 851 1924 889 insistessero
1953 853 2118 891 dicendo

339 909 410 944 che
439 908 469 944 F
498 920 623 957 segue
654 909 700 953 C,
730 911 816 947 cioe
846 912 916 947 che
959 911 982 948 l’
1000 913 1170 949 autorita
1203 924 1327 961 segue
1357 914 1434 950 alla
1462 915 1613 952 nascita
1641 926 1663 952 e
1693 916 1764 952 che
1794 916 1826 953 si
1854 918 1932 962 pue
1961 916 2119 955 inferire

338 973 362 1010 il
393 979 660 1021 eonseguente
689 987 758 1021 per
787 976 1084 1019 Panteeedente,
1115 988 1226 1014 come
1255 979 1430 1015 animale
1450 990 1519 1024 per
1548 990 1676 1022 aomo,
1706 980 1862 1026 quando
1892 981 1980 1019 dico
2009 982 2118 1020 Tizio

337 1039 360 1075 e
390 1049 517 1082 nomo,
557 1040 711 1086 dunque
742 1043 764 1078 e
794 1042 970 1084 animale,
1015 1042 1144 1078 Dante
1175 1043 1397 1090 soggiunge
1440 1044 1511 1080 che
1540 1044 1600 1081 cie
1630 1046 1653 1081 e
1681 1043 1798 1087 falso,
1840 1047 1983 1092 perche
2013 1047 2118 1084 molti

337 1104 407 1141 che
437 1115 508 1150 pur
528 1115 627 1141 sono
657 1107 846 1153 maggiori
876 1106 913 1143 di
943 1107 1104 1150 nascita,
1148 1118 1224 1144 non
1255 1107 1480 1154 precedono
1511 1118 1581 1154 per
1609 1109 1791 1152 autorita,
1821 1121 1932 1149 come
1961 1111 2000 1148 lo
2020 1122 2120 1148 corn-

337 1179 461 1214 prova
490 1170 526 1206 la
557 1168 702 1207 Chiesa
731 1173 875 1213 stessa,
904 1172 975 1208 che
995 1172 1045 1208 ha
1073 1173 1234 1209 vescovi
1264 1173 1328 1219 piu
1356 1173 1514 1220 giovani
1540 1173 1577 1210 di
1607 1174 1799 1220 arcipreti.
1830 1174 1986 1220 Questo
2015 1176 2116 1213 chia-

336 1234 431 1270 masi
455 1232 616 1271 «errare
637 1236 848 1272 secundum
869 1247 946 1273 non
967 1247 1124 1273 causam
1144 1240 1187 1274 ut
1211 1248 1378 1280 causa»,
1395 1238 1537 1284 perche
1553 1241 1727 1285 appunto
1747 1240 1780 1276 si
1801 1239 1981 1282 dacome
1997 1251 2118 1278 causa

336 1299 467 1345 quello
497 1300 567 1336 che
597 1311 673 1337 non
704 1302 742 1337 lo
772 1303 807 1338 e.

443 1363 477 1401 A
504 1363 644 1402 favore
679 1365 782 1402 della
826 1365 971 1403 Chiesa
1001 1368 1031 1404 si
1062 1369 1190 1404 citava
1232 1379 1305 1405 con
1335 1368 1548 1415 frequenza
1590 1370 1712 1406 anche
1741 1370 1780 1405 la
1821 1370 1998 1406 elezione
2028 1381 2051 1406 e
2078 1370 2117 1407 la

336 1428 589 1475 deposizione
632 1430 694 1467 del
725 1442 766 1467 re
796 1430 890 1468 Saul
935 1442 1004 1477 per
1033 1443 1154 1478 opera
1192 1433 1254 1470 del
1284 1444 1433 1471 sommo
1477 1434 1686 1471 sacerdote
1729 1433 1934 1478 Samuele3
1976 1433 2027 1470 da
2054 1434 2115 1471 cib

343 1495 590 1542 «arguebant
610 1496 713 1542 quod
734 1507 847 1542 quem
868 1496 917 1533 ad
938 1490 1091 1534 modum
1113 1498 1175 1534 ille
1197 1497 1484 1549 (SamueIJDei
1505 1500 1673 1536 vicarius
1693 1499 1964 1536 auctoritatem
1984 1499 2118 1536 habuit

337 1558 453 1596 dandi
483 1562 524 1596 et
552 1561 712 1597 tollendi
742 1562 915 1608 regimen
939 1553 1217 1608 temporale..
1235 1590 1243 1599 .
1273 1564 1328 1600 sic
1358 1565 1398 1600 et
1426 1574 1526 1600 nunc
1555 1564 1628 1601 Dei
1658 1565 1827 1600 vicarius
1845 1579 1882 1599 ».
1911 1563 1946 1600 A
1974 1566 2115 1610 questo

334 1625 494 1661 bastera
522 1625 753 1671 rispondere
782 1627 853 1662 che
882 1626 1039 1663 Samuel
1079 1638 1147 1664 era
1176 1629 1361 1674 semplice
1390 1629 1546 1676 legatus
1575 1629 1757 1674 specialis
1786 1639 1810 1665 o
1839 1629 2007 1671 nuntius,
2036 1639 2113 1666 non

335 1691 400 1737 gia
429 1691 608 1733 vicarius,
639 1691 781 1736 perche
818 1706 836 1723 «
855 1691 1034 1737 quicquid
1064 1692 1173 1729 Deus
1202 1692 1306 1736 dixit,
1336 1692 1527 1741 hoclfecit
1547 1694 1671 1730 solum
1692 1696 1732 1730 et
1751 1693 1883 1730 retulit
1902 1706 1936 1736 »,
1966 1695 2114 1731 mentre

338 1755 396 1791 chi
426 1757 448 1791 e
477 1755 624 1791 vicario
653 1756 702 1791 ha
731 1767 807 1792 una
835 1756 1111 1803 giurisdizione
1153 1772 1170 1789 «
1190 1757 1292 1793 unde
1322 1759 1588 1804 argumentum
1619 1758 1778 1794 istorum
1808 1759 1870 1794 est
1898 1768 1922 1794 a
1949 1760 2035 1795 toto
2064 1758 2114 1795 ad

334 1822 483 1865 partem
514 1835 551 1863 »‚
595 1820 681 1856 cioe
710 1820 772 1856 dal
816 1823 918 1857 tutto
948 1822 1024 1857 alla
1053 1824 1175 1866 parte,
1219 1833 1330 1858 come
1359 1833 1404 1858 se
1446 1821 1694 1859 formassimo
1736 1833 1786 1859 un
1829 1823 2044 1869 sillogismo
2073 1823 2110 1860 in

334 1883 459 1922 torma
489 1883 737 1921 affermativa
780 1885 1080 1932 (construendo)
1123 1897 1146 1922 a
1187 1888 1330 1932 questo
1373 1886 1509 1923 modo:
1561 1902 1578 1919 «
1599 1886 1772 1924 L'uomo
1815 1888 1892 1932 pue
1935 1886 2045 1923 udire
2089 1898 2112 1924 e

333 1949 502 1993 vedere;
533 1949 703 1987 l’occhio
734 1951 810 1996 pub
849 1950 957 1986 udire
987 1961 1009 1986 e
1038 1950 1207 1994 vedere;
1236 1966 1253 1983 »
1290 1962 1438 1997 oppure
1469 1962 1517 1988 un
1548 1952 1649 1988 altro
1679 1952 1801 1988 simile
1830 1961 1892 1988 ma
1920 1952 1957 1987 in
1975 1951 2112 1988 -forma

333 2015 519 2062 negativa
562 2014 857 2062 (destructive):
908 2031 926 2047 «
954 2015 1128 2052 L'uomo
1171 2026 1247 2052 non
1278 2017 1355 2061 puo
1394 2017 1543 2059 volare,
1587 2016 1741 2062 dunque
1784 2017 1821 2052 le
1849 2016 2005 2053 braccia
2033 2027 2110 2054 non
2165 2017 2170 2022 ’

335 2090 510 2125 possono
540 2081 676 2116 volare
705 2095 742 2115 ».
1422 2115 1429 2119 ,

442 2144 496 2180 La
533 2144 751 2181 differenza
793 2144 828 2181 di
871 2146 1007 2181 valore
1051 2144 1112 2181 dei
1155 2145 1305 2183 termini
1348 2146 1437 2181 vale
1480 2155 1574 2191 pure
1617 2156 1687 2191 per
1728 2145 1959 2182 dimostrare
2001 2155 2111 2182 come

334 2210 481 2245 manchi
511 2210 548 2246 di
581 2209 834 2246 fondamento
872 2211 1002 2256 logico
1041 2210 1307 2257 l'argomento
1345 2210 1513 2247 desunto
1551 2209 1798 2246 dall'offerta
1835 2210 1897 2246 dei
1926 2221 1968 2246 re
1997 2210 2111 2258 magi.

335 2272 468 2311 Cristo
497 2275 686 2311 ricevette
713 2275 775 2311 dai
796 2276 896 2322 magi
918 2276 1031 2311 mirra
1052 2274 1101 2311 ed
1122 2285 1193 2311 oro
1214 2286 1284 2321 per
1303 2274 1526 2322 significare
1556 2274 1695 2322 ch'egli
1724 2285 1793 2311 era
1820 2275 1979 2322 signore
2009 2274 2110 2311 delle

333 2349 427 2376 cose
457 2340 643 2384 spirituali
674 2327 941 2385 e'temporali.
985 2340 1114 2375 Dante
1157 2341 1339 2376 ammette
1382 2340 1404 2375 il
1449 2342 1634 2376 racconto
1664 2339 1713 2375 ed
1742 2340 1765 2375 il
1795 2350 1914 2376 senso
1943 2339 2109 2385 (literam

333 2403 524 2440 Matthaei
555 2406 594 2440 et
623 2414 778 2440 sensum
809 2403 1031 2450 confiteor),
1070 2415 1131 2440 ma
1160 2403 1201 2440 fa
1253 2404 1360 2440 ubito
1397 2414 1606 2440 osservare
1642 2404 1712 2440 che
1742 2404 1780 2440 la
1808 2403 2058 2440 conclusione
2087 2404 2110 2439 e

331 2468 527 2515 sbagliata
556 2470 618 2505 nel
650 2469 825 2511 termine,
863 2454 1067 2505 valendosi
1102 2468 1206 2504 della
1248 2469 1386 2515 regola
1415 2468 1451 2504 di
1491 2468 1623 2505 Pietro
1654 2468 1836 2504 Giuliano
1877 2468 1941 2504 nel
1970 2468 2109 2525 quarto

335 2534 499 2569 trattato
528 2533 823 2570 Summularum
852 2533 1077 2580 logicalium
1095 2545 1108 2570 .·
1142 2532 1299 2578 «Quum
1329 2534 1515 2570 terminus
1544 2533 1692 2570 medius
1720 2533 1892 2569 variatur
1921 2543 1991 2578 pro
2021 2532 2109 2569 Deo

331 2598 515 2634 vicarium
559 2598 632 2634 Dei
679 2598 965 2641 substituendo,
1018 2609 1094 2635 non
1138 2599 1313 2645 arguitur
1355 2599 1391 2634 in
1426 2599 1568 2634 tribus·
1590 2599 1764 2635 terminis
1791 2613 1828 2641 »,
1871 2596 2108 2634 diventando

332 2663 410 2699 essi
440 2664 608 2708 quattro,
652 2664 794 2709 perche
823 2674 968 2700 nessun
1011 2664 1201 2700 vicariato
1231 2664 1289 2700 sia
1318 2663 1462 2705 divino,
1496 2663 1556 2699 sia
1585 2673 1726 2699 umano
1761 2664 1838 2708 pue
1882 2655 2107 2708 equivalere

331 2726 575 2764 all‘autorita
617 2728 839 2774 principale,
869 2739 891 2765 e
930 2729 1061 2773 percio
1094 2728 1169 2764 Dio
1207 2739 1229 2764 e
1269 2728 1291 2764 il
1322 2728 1468 2764 vicario
1507 2727 1543 2764 di
1589 2727 1666 2764 Dio
1704 2738 1780 2764 non
1819 2738 1920 2765 sono
1958 2726 2107 2763 termini

333 2792 580 2836 equivalenti.
1988 2798 2003 2805 s

427 3090 483 3138 (1)
510 3093 551 3125 C.
580 3094 738 3132 Vosslen
766 3094 817 3124 La,
843 3094 981 3124 Divina
1007 3094 1216 3125 Connnedia
1242 3093 1405 3125 st-udiata
1433 3093 1529 3124 nella
1555 3102 1621 3124 sua.
1645 3092 1767 3137 genesi
1789 3091 1832 3123 ed
1852 3091 2103 3130 interpretata.

334 3152 587 3184 Bari-Laterum
614 3152 704 3183 1909
731 3152 747 3183 Ι
774 3162 809 3192 p.
838 3151 918 3186 408.
