2248 3372
294 42 386 77 ἰἱ
441 25 602 61 r,‘*›
656 28 802 59 -·>’“,’”;
855 38 924 66 '.‘
974 26 1016 48 ²⁴
1087 41 1090 43 ·
1412 38 1423 47 ι

175 354 225 393 ut,
245 350 330 387 eius
358 348 487 387 scriba
516 347 642 384 Lucas
660 343 839 387 testatur,
859 344 932 381 sub
947 342 1026 380 edi-

174 412 239 448 cto
268 409 467 446 Romanae
496 405 739 444 auctoritatis
766 403 873 440 nasci
901 402 1026 440 voluit

176 469 226 506 de
254 468 413 515 Virgine
442 466 584 508 Matre,
614 466 656 501 ut
682 465 719 500 in
749 462 814 500 illa
838 461 1024 510 singulari

175 527 334 576 generis
349 527 513 563 humana
532 523 794 569 descriptione
814 521 918 558 filius
938 521 1025 564 Dei,

176 587 292 624 homo
337 585 477 627 factus,
524 583 640 620 homo
687 581 1025 623 conscriberetur3

175 645 280 693 quod
295 644 367 697 fuit
381 643 474 681 illud
508 642 704 689 prosequi.
727 641 775 677 Et
794 640 898 678 forte
917 649 1026 679 sanc-

175 711 254 748 tius
294 711 357 762 est
393 708 570 746 arbitrari
608 706 791 743 divinitus
825 704 918 742 illud
946 682 1040 741 exi}

176 770 283 811 visse
311 769 381 815 p'er
410 766 637 809 Caesarem,
675 767 718 802 ut
744 766 807 812 qui
850 767 1028 810 tempora

177 831 287 866 tanta
327 827 445 864 fuerit
486 827 717 872 expectatus
758 825 795 861 in
833 824 1027 861 societate

177 893 405 935 mortalium,
447 902 532 928 cum
579 890 806 927 mortalibus
851 890 935 935 ipse
983 899 1027 925 se

176 953 439 1000 consignaret.
483 951 589 998 Ergo
637 949 817 986 Christus
862 947 1028 995 Augusti

180 1012 440 1049 Romanorum
469 1009 703 1047 auctoritate
722 1008 922 1055 fungentis
954 1006 1031 1043 edi-

180 1074 282 1108 ctum
309 1069 566 1107 fore'iustum
595 1078 716 1114 opere
746 1067 952 1113 persuasit.
983 1066 1034 1117 Et

181 1146 266 1172 cum
295 1135 343 1172 ab
371 1135 473 1172 iuste
489 1133 644 1170 edicere
661 1132 872 1170 iurisdictio
892 1142 1032 1178 sequa-

181 1197 255 1237 tur,
293 1204 459 1231 necesse
496 1195 569 1236 est,
608 1194 650 1229 ut
691 1193 754 1238 qui
783 1192 923 1228 iustum
953 1190 1033 1227 edi-

184 1255 288 1291 ctum
330 1253 535 1299 persuasit,
574 1251 875 1292 iurisdictionem
918 1251 1034 1287 etiam

184 1312 445 1359 persuaserit3
474 1322 575 1357 quae
604 1311 636 1348 si
665 1310 715 1347 de
735 1311 817 1347 iure
837 1321 915 1347 non
936 1312 1034 1352 erat,

0 1364 2 1372 '
61 1360 70 1363 a
101 1382 104 1385 ·
154 1371 325 1416 ,iniusta
353 1373 450 1407 erat.
481 1370 530 1406 Et
547 1370 771 1412 notandum,
801 1369 905 1416 quod
925 1371 1037 1416 argu-

184 1431 351 1467 mentum
397 1431 589 1475 sumptum
635 1428 685 1466 ad
732 1429 1036 1466 destructionem

184 1483 473 1534 consequentis,
502 1488 594 1525 licet
621 1487 671 1524 de
700 1499 772 1525 sua
812 1487 939 1525 forma
966 1498 1037 1534 per

176 1549 349 1594 ‘aliquem
369 1548 494 1584 locum
512 1550 659 1589 teneat,
674 1550 803 1584 tamen
823 1548 899 1584 vim
928 1556 1037 1583 suam

186 1617 256 1653 per
284 1606 493 1644 secundam
521 1606 687 1653 figuram
715 1605 898 1648 ostendit,
919 1606 952 1643 si
981 1616 1038 1642 re-

187 1671 364 1714 ducatur,
394 1671 493 1708 sicut
512 1673 779 1719 argumentum
799 1681 823 1707 a
842 1671 1037 1717 positione

189 1730 460 1767 antecedentis
507 1741 576 1776 per
618 1731 801 1776 primam;
843 1730 1039 1767 reducitur

76 1820 78 1827 ι
124 1842 131 1849 .
190 1795 290 1832 enim
319 1795 395 1832 sic:
426 1794 552 1832 Omne
573 1795 751 1832 iniustum
781 1795 1040 1841 persuadetur

184 1854 352 1893 iniuste:
372 1853 551 1891 Christus
570 1865 646 1891 non
667 1855 862 1900 persuasit
878 1855 1038 1892 iniuste:

189 1929 290 1966 ergo
319 1929 396 1956 non
426 1919 622 1964 persuasit
656 1920 848 1956 iniustum.
878 1918 913 1956 A
940 1920 1041 1966 posi-

188 1979 300 2015 tione
320 1978 591 2015 antecedentis
610 1979 683 2016 sic:
714 1978 840 2016 Omne
861 1979 1040 2016 iniustum

189 2042 447 2088 persuadetur
475 2043 641 2080 iniuste:
677 2042 858 2080 Christus
887 2054 1043 2090 persua-

153 2138 155 2143 ,
192 2101 243 2138 sit
270 2100 463 2147 quoddam
493 2102 692 2138 iniustum:
722 2113 819 2149 ergo
849 2103 1044 2148 persuasit

194 2153 346 2190 iniuste.

704 2204 724 2221 χ

957 177 1086 204 PARTE
1111 177 1158 208 11.

1833 165 1901 199 167

1098 341 1266 388 provato
1296 350 1319 376 a
1347 340 1496 386 parole.
1535 339 1604 376 Ma
1647 338 1793 381 Cristo‚
1839 349 1951 376 come

1100 396 1248 432 attesta
1284 394 1307 430 il
1346 404 1420 430 suo
1461 392 1644 440 biografo
1687 393 1804 435 Luca,
1846 393 1952 429 volle

1099 458 1264 485 nascere
1302 446 1406 483 dalla
1448 446 1588 483 Madre
1630 446 1802 493 Vergine
1845 448 1952 483 sotto

1098 512 1148 538 un
1177 500 1301 538 editto
1329 500 1367 536 di
1397 500 1566 536 autorita
1594 510 1767 541 romana,
1797 510 1867 546 per
1895 509 1954 536 es-

1100 565 1190 592 sere
1220 554 1369 591 iscritto
1407 564 1518 590 come
1556 563 1684 595 uomo,
1716 553 1813 600 Egli,
1843 551 1954 600 figlio

1100 607 1137 645 di
1155 607 1231 644 Dio
1264 606 1365 644 fatto
1386 617 1515 648 nomo,
1536 607 1572 643 in
1594 608 1735 653 questo
1756 607 1954 654 singolare

1101 661 1342 699 censimento
1357 660 1420 697 del
1440 671 1590 708 genere
1605 670 1759 703 umano3
1775 671 1797 696 e
1813 661 1955 706 questo

1101 714 1282 762 significa
1300 713 1545 751 confermare
1566 712 1729 750 l'editto.
1751 713 1822 750 Pin
1841 714 1955 750 santa

1101 778 1196 806 cosa
1225 770 1248 804 e
1276 767 1439 805 credere
1468 768 1540 804 che
1569 766 1719 804 l‘editto
1744 766 1781 803 di
1803 765 1955 803 Cesare
2000 797 2003 800 ,

1101 822 1252 859 uscisse
1295 832 1367 868 per
1408 821 1571 858 volonta
1600 820 1637 857 di
1667 820 1755 863 Dio,
1786 819 1955 856 affinche

1103 874 1218 912 Colui
1246 875 1318 911 che
1347 885 1416 911 era
1444 876 1550 911 stato
1587 876 1719 911 atteso
1761 884 1831 920 per
1859 873 1956 910 tanti

1102 929 1236 971 secoli,
1266 929 1298 965 si
1328 930 1543 965 mostrasse
1580 927 1631 964 da
1659 938 1704 964 se
1734 930 1866 964 stesso
1895 927 1956 964 coi

1104 982 1255 1019 mortali
1284 982 1393 1019 nella
1416 982 1567 1019 societa
1587 980 1650 1018 dei
1671 981 1836 1018 mortali.
1855 980 1959 1017 Dun-

1104 1046 1180 1082 que
1210 1034 1343 1072 Cristo
1372 1035 1433 1072 coi
1461 1034 1548 1072 fatti
1577 1035 1765 1072 convinse
1794 1034 1865 1071 che
1895 1034 1960 1070 l’e-

1106 1089 1204 1126 ditto
1233 1088 1270 1125 di
1286 1087 1478 1135 Augusto,
1508 1090 1834 1134 rappresentante
1864 1088 1959 1124 l’au-

1106 1143 1225 1180 torita
1253 1141 1316 1178 dei
1347 1142 1520 1184 Romani,
1550 1152 1619 1179 era
1647 1142 1791 1189 giusto.
1822 1141 1854 1177 E
1882 1141 1962 1187 poi-

1108 1197 1179 1233 che
1206 1195 1486 1243 gt'urisdt‘zt‘one
1514 1195 1650 1232 deriva
1678 1195 1729 1232 da
1757 1194 1842 1232 fare
1874 1195 1960 1242 giu-

1108 1250 1162 1287 sti
1201 1249 1319 1291 edim,
1349 1251 1372 1286 e
1400 1249 1598 1286 necessita
1632 1249 1703 1286 che
1746 1248 1847 1285 colui
1889 1249 1961 1285 che

1109 1313 1286 1349 approva
1314 1302 1465 1340 l'editto
1485 1302 1648 1348 approvi
1682 1303 1806 1339 anche
1826 1302 1864 1338 la
1883 1302 1963 1349 giu-

1109 1355 1330 1399 risdizione,
1360 1356 1398 1392 la
1425 1356 1552 1402 quale,
1578 1367 1622 1392 se
1651 1366 1729 1393 non
1757 1355 1870 1392 fosse
1905 1366 1964 1392 se-

1110 1409 1238 1448 condo
1267 1410 1291 1446 il
1321 1409 1465 1452 diritto,
1495 1410 1664 1446 sarebbe
1706 1410 1888 1456 ingiusta.
1919 1407 1962 1444 E‘

1110 1474 1181 1509 pur
1200 1462 1251 1499 da
1269 1465 1409 1500 notare
1429 1463 1500 1500 che
1520 1462 1779 1510 l’argomento
1800 1463 1964 1511 assunto

1100 1520 1182 1563 ‘per
1209 1516 1414 1553 confutare
1451 1517 1490 1553 la
1527 1519 1808 1563 conseguente‚
1844 1525 1964 1561 quan-

1110 1571 1256 1615 tunque
1285 1569 1322 1606 di
1364 1580 1436 1606 sua
1477 1569 1603 1606 torma
1644 1570 1760 1607 abbia
1800 1569 1965 1615 qualche

1112 1634 1222 1669 peso,
1251 1623 1419 1659 tuttavia
1446 1622 1488 1659 ta
1516 1623 1663 1660 vedere
1693 1623 1731 1659 la
1769 1633 1842 1659 sua
1868 1633 1966 1659 vera

1111 1676 1223 1713 forza
1251 1687 1321 1722 per
1349 1687 1483 1713 mezzo
1508 1676 1612 1713 della
1631 1675 1806 1713 seconda
1824 1675 1965 1723 figura,

1113 1741 1170 1772 se,
1195 1740 1308 1766 come
1329 1732 1573 1776 argomento,
1590 1730 1622 1767 si
1652 1729 1834 1776 riprenda
1862 1729 1967 1766 dalla

1114 1783 1315 1829 posizione
1345 1782 1382 1819 di
1412 1783 1672 1820 antecedente
1701 1783 1805 1820 della
1847 1783 1968 1829 prima

1112 1836 1253 1884 figura.
1283 1836 1386 1874 Ecco
1415 1837 1452 1873 la
1480 1837 1706 1874 riduzione:
1737 1835 1869 1874 Cristo
1890 1846 1968 1873 non

1113 1900 1304 1936 persuase
1350 1891 1676 1938 ingiustamente:
1720 1890 1849 1936 quindi
1891 1900 1968 1926 non

1115 1945 1292 1989 approvo
1314 1942 1523 1991 l’ingiusto.
1545 1943 1659 1980 Dalla
1671 1944 1872 1989 posizione
1893 1943 1971 1980 del-

1116 1996 1404 2034 l’antecedente
1442 1997 1478 2033 in
1521 1999 1663 2043 questo
1692 1996 1834 2035 modo:
1865 1995 1970 2043 Ogni

1117 2050 1337 2097 ingiustizia
1358 2051 1446 2086 vien
1464 2052 1683 2096 approvata
1698 2051 1972 2097 ingiustamen-

1118 2105 1170 2145 te,
1201 2102 1334 2139 Cristo
1364 2105 1540 2149 appi-ovo
1570 2114 1646 2139 una
1675 2104 1971 2150 cosa-ingiusta,

1120 2155 1275 2202 dunque
1305 2158 1481 2202 approvo
1510 2157 1824 2204 ingiustamente.

288 2358 333 2396 H!
353 2357 486 2396 Lucas
510 2357 686 2396 ΙΕΞΙΕΙΠΓ-
724 2361 792 2394 EV.
819 2361 868 2405 II,
899 2364 930 2394 1.
956 2362 1032 2394 Ost.
1062 2362 1130 2403 Ep.
1157 2363 1240 2402 VII,
1268 2364 1302 2395 3.
1343 2363 1390 2396 Et
1428 2373 1539 2405 quum
1565 2364 1827 2397 universaliter
1852 2365 1974 2397 orbem

191 2420 349 2453 describi
374 2420 551 2452 edixisset:
577 2421 767 2461 Augustus
792 2439 803 2444 -
828 2424 870 2453 ut
896 2422 960 2453 bos
987 2423 1111 2454 noster
1136 2423 1441 2462 evangelizans...
1480 2424 1642 2465 remugit
1667 2441 1682 2449 -
1706 2425 1738 2455 si
1764 2433 1834 2456 nou
1861 2424 1906 2456 de
1924 2425 1975 2456 iu-

192 2479 347 2512 stissimi
373 2479 602 2520 principatus
627 2480 714 2511 aula
740 2479 936 2520 prodiisset
961 2480 1136 2521 edietum,
1164 2481 1391 2523 Unigenitus
1419 2482 1487 2514 Dei
1508 2482 1641 2523 Filius,
1661 2483 1769 2515 homo
1795 2483 1915 2515 factus
1929 2483 1975 2514 ad

194 2538 437 2579 profitendum
464 2538 662 2575 seeundum
689 2542 857 2571 naturam
895 2539 1126 2580 adsumptam
1164 2541 1286 2574 edicto
1324 2551 1362 2573 se
1402 2542 1604 2579 subditum,
1631 2551 1857 2583 nequaquam
1889 2544 1977 2574 tuno

195 2598 296 2630 nasei
322 2598 365 2629 de
392 2597 550 2638 Vergine
576 2598 777 2630 voluisset:
805 2608 877 2630 nou
903 2599 999 2630 euim
1027 2599 1204 2632 suasisset
1238 2600 1432 2639 iniustum,
1463 2611 1569 2642 quem
1613 2610 1754 2632 onmem
1792 2601 1976 2633 iustitiam

197 2656 350 2697 implere
378 2656 540 2688 decebat.

291 2724 362 2770 qm·
384 2724 568 2769 tempora
594 2723 703 2762 tanta
724 2723 847 2766 fuerit
868 2725 1141 2771 exspectatus.
1170 2729 1244 2762 cfr.
1274 2730 1385 2770 Pul-g.
1416 2731 1458 2767 X,
1486 2731 1543 2762 35.
1579 2732 1630 2762 De
1670 2731 1705 2762 la
1747 2731 1852 2762 molti
1890 2731 1978 2762 anni

198 2784 392 2829 lagrixnata
420 2797 518 2826 pave.
548 2787 621 2818 c'l'r.
640 2787 768 2818 Parati.
795 2786 929 2828 XXVI,
961 2787 1041 2819 119.

297 2864 401 2900 quae
425 2855 466 2892 si
487 2854 538 2892 de
564 2855 646 2892 iure
671 2865 752 2892 ηοη
779 2854 874 2897 erat,
901 2854 1052 2892 iniusta
1078 2855 1173 2892 erat.
1200 2858 1276 2890 Cfr.
1307 2859 1396 2893 Isid.
1420 2859 1522 2900 Orig.
1551 2860 1613 2897 IX,
1633 2861 1668 2892 4.
1706 2860 1860 2901 Iudices,
1873 2862 1979 2902 quasi

200 2913 258 2946 ius
282 2915 443 2948 diceutes
470 2918 617 2959 popul»,
647 2918 725 2948 sive
751 2916 846 2958 quod
874 2916 952 2947 iure
979 2916 1200 2957 disoeptent.
1230 2917 1312 2949 Iure
1338 2918 1530 2958 disputare
1560 2921 1616 2951 est
1644 2920 1740 2951 iuste
1767 2920 1941 2952 iudicare.

292 2991 367 3028 per
386 2983 554 3029 primam
579 2985 681 3030 (sott.
708 2986 890 3030 liguram).
917 2987 993 3022 Cfr.
1023 2987 1075 3019 De
1100 2987 1198 3021 Mon.
1229 2988 1256 3026 Ι,
1275 2990 1313 3019 11
1343 2988 1430 3030 (13).
1459 2989 1572 3024 Arist.
1602 2990 1753 3031 Analyt.
1765 3000 1818 3031 pr.
1847 2991 1981 3024 XXIV.
