2248 3372
310 169 376 201 190
792 178 831 202 Π.
857 178 1059 203 TRATTATO
1084 179 1214 203 DELLA
1241 178 1478 203 MONARCHIA

260 343 323 378 est
350 341 528 378 dominus
556 342 808 388 spiritualium
839 345 879 379 et
920 345 1111 388 tempora-

259 401 359 442 lium.
393 400 567 446 Utraque
599 402 710 438 enim
754 402 970 447 propositio
1013 413 1110 438 vera

258 462 330 502 est,
361 460 431 496 sed
461 460 625 497 medium
653 461 826 497 variatur
854 463 895 498 et
936 462 1110 508 arguitur

257 526 292 562 in
322 527 490 571 quatuor
518 526 703 570 terminis,
742 526 777 562 in
817 526 955 571 quibus
983 525 1109 563 forma

256 585 498 631 syllogistica
527 595 603 621 non
634 585 821 626 salvatur,
851 587 893 622 ut
921 588 1031 631 patet
1060 597 1108 622 ex

255 644 302 680 iis
343 655 443 689 quae
487 645 548 680 De
589 644 824 691 Syllogismo
867 645 1106 690 simpliciter.

254 708 351 745 Nam
381 709 484 746 aliud
523 711 584 746 est
627 709 748 752 Deus,
778 710 882 755 quod
921 710 1107 747 subicitur

254 768 290 804 in
320 769 467 812 maiori,
510 770 551 804 et
579 768 682 819 aliud
710 769 879 805 vicarius
896 769 982 812 Dei,
1002 770 1106 815 quod

254 827 501 872 praedicatur
529 828 565 863 in
595 828 749 871 minori„
774 828 822 864 Et
863 829 895 864 si
938 830 1025 874 quis
1055 829 1108 865 in-

254 893 379 928 staret
407 892 456 928 de
485 893 616 929 vicarii
647 893 946 938 aequivalentia,
963 894 1106 931 inutilis

254 952 316 987 est
344 951 552 995 instantia;
595 952 684 997 quia
726 952 853 988 nullus
894 953 1105 990 vicariatus

254 1010 338 1046 sive
368 1010 532 1053 divinus,
562 1012 646 1048 sive
676 1013 876 1054 humanus,
907 1014 1104 1058 ‘aequiva-

253 1076 334 1112 lere
364 1078 497 1121 potest
517 1077 714 1123 principali
732 1078 953 1114 auctoritati
971 1088 978 1113 2
999 1078 1103 1124 quod

251 1137 362 1180 patet
389 1134 439 1171 de
469 1136 557 1171 levi.
588 1135 684 1172 Nam
714 1137 867 1178 scimus,
889 1137 993 1183 quod
1017 1148 1103 1174 suc·

252 1204 390 1230 cessor
418 1194 522 1230 Petri
566 1205 642 1231 non
686 1196 910 1241 aequivalet
947 1196 1102 1233 divinae

251 1259 483 1300 auctoritati,
514 1260 652 1296 saltem
675 1260 710 1296 in
732 1261 963 1306 operatione
994 1264 1105 1298 natu-

251 1328 345 1361 rae;
374 1329 451 1359 non
482 1319 581 1355 enim
611 1323 748 1365 posset
789 1319 922 1356 facere
959 1322 1100 1357 terram

251 1377 466 1414 ascendere
496 1389 659 1420 sursum,
690 1389 761 1424 nec
791 1379 918 1425 ignem
939 1379 1102 1416 descen-

238 1441 344 1478 'dere
375 1442 570 1485 deorsum,
601 1454 671 1488 per
700 1443 871 1480 officium
900 1445 974 1481 sibi
1003 1455 1104 1481 com-

251 1501 419 1538 missum.
448 1501 530 1538 Nec
559 1503 676 1539 etiam
705 1506 868 1548 possent
883 1505 1011 1540 omnia
1030 1505 1101 1541 sibi

251 1561 433 1597 committi
454 1572 477 1597 a
498 1561 611 1604 Deo;
645 1563 824 1607 quoniam
858 1565 1095 1608 potestatem

250 1625 419 1668 creandi,
450 1628 491 1662 et
518 1627 693 1663 similiter
734 1628 955 1673 baptizandi
994 1630 1100 1665 nullo

250 1684 366 1721 modo
410 1685 520 1722 Deus
562 1687 802 1723 committere
850 1690 1012 1733 posset:
1060 1690 1102 1724 ut

251 1735 454 1780 {videnter
501 1746 713 1790 probatur3
761 1747 851 1783 licet
906 1747 1100 1794 Magister

251 1803 484 1839 contrarium
513 1803 653 1840 dixerit
694 1805 730 1841 in
769 1807 919 1851 quarto.
950 1805 1101 1842 Scimus

251 1861 378 1903 etiam,
408 1862 512 1907 quod
543 1863 711 1912 yicarius
739 1865 904 1901 hominis
923 1875 1000 1901 non
1039 1876 1102 1902 ae-

248 1921 422 1966 quivalet
432 1921 480 1963 ei,
493 1922 529 1958 in
541 1925 724 1968 quantum
737 1923 772 1959 in
785 1923 857 1960 hoc
874 1925 978 1969 quod
999 1925 1099 1961 vica—

250 1980 329 2016 rius
358 1982 447 2023 est;
476 1981 566 2026 quia
594 1992 708 2018 nemo
729 1984 862 2028 potest
881 1983 975 2020 dare
996 1984 1100 2029 quod

250 2055 358 2082 suum
388 2056 465 2085 non
496 2049 568 2083 est.
613 2046 838 2084 Auctoritas
881 2049 1101 2094 principalis

250 2115 326 2140 non
357 2107 419 2141 est
447 2106 640 2152 principis,
670 2107 741 2143 nisi
772 2107 821 2143 ad
851 2118 983 2151 usum;
1012 2108 1103 2154 quia

1240 341 1442 379 Ambedue
1471 342 1507 378 le
1538 352 1739 388 premesse
1767 353 1868 380 sono
1891 342 2034 390 giuste;

1185 395 1334 432 cambia
1362 395 1500 432 invece
1530 396 1553 431 il
1584 395 1723 432 medio.
1755 394 1832 440 Qui
1852 395 1884 432 si
1904 397 2033 444 ragio-

1184 459 1233 484 na
1262 459 1334 485 con
1365 450 1521 494 quattro
1551 449 1714 491 termini,
1744 449 1807 485 nei
1850 449 1952 495 quali
1995 450 2033 486 la

1183 501 1308 538 forma
1345 502 1573 548 sillogistica
1624 512 1700 538 non
1747 502 1780 538 si
1826 513 2031 546 conserva,

1183 566 1294 599 come
1350 555 1487 591 risulta
1543 555 1592 591 da
1639 555 1769 600 quello
1817 556 1906 592 che.
1951 554 2033 592 Ari-

1182 609 1327 645 stotele
1348 608 1453 645 disse
1474 608 1532 644 sul
1550 609 1764 655 sillogismo
1779 608 1815 645 in
1831 609 2030 655 generale.

1182 661 1309 698 Infatti
1339 672 1415 697 una
1444 672 1539 698 cosa
1569 663 1590 697 ὲ
1620 661 1709 704 Dio,
1739 662 1809 698 che
1838 660 1963 698 forma
2005 663 2029 698 il

1181 717 1369 761 soggetto
1398 715 1501 750 della
1529 715 1743 761 maggiore,
1787 714 1965 751 un’altra
2007 717 2029 752 ὲ

1172 768 1326 805 ,νίεετίο
1356 768 1392 804 di
1423 767 1510 810 Dio,
1540 768 1610 804 che
1639 769 1865 805 costituisce
1898 768 1922 804 il
1942 779 2029 814 pre-

1180 821 1310 857 dicato
1340 821 1443 857 della
1472 821 1630 857 minore.
1659 820 1714 857 Se
1743 822 1935 867 qualcuno
1965 822 2028 867 poi

1180 875 1384 910 insistesse
1414 873 1499 910 sull’
1517 874 1771 919 equivalenza
1799 874 1836 910 di
1869 875 2028 918 vicario,

1179 928 1216 963 la
1258 938 1330 964 sua
1377 927 1582 964 obiezione
1636 927 1872 964 riuscirebbe
1914 938 2028 970 vana,

1179 987 1321 1031 perche
1350 996 1494 1022 nessun
1523 986 1725 1028 vicariam,
1746 986 1805 1022 sia
1824 986 1955 1023 divino
1970 987 2029 1023 sia

1179 1050 1335 1081 umano,
1378 1041 1455 1085 puo
1499 1039 1736 1084 equivalere,
1779 1049 1888 1076 come
1921 1039 2029 1076 facil-

1178 1095 1306 1133 mente
1324 1091 1528 1135 s'intende,
1545 1091 1607 1128 all’
1620 1092 1788 1128 autorita
1805 1093 2028 1138 principale.

1178 1145 1304 1182 Infatti
1336 1146 1358 1181 il
1388 1156 1622 1182 successore
1651 1145 1689 1182 di
1719 1145 1852 1182 Pietro
1890 1155 1966 1182 non
2005 1147 2028 1182 ὲ

1178 1200 1319 1246 eguale
1336 1198 1571 1235 all'autorita
1591 1198 1731 1240 divina,
1753 1199 1906 1235 almeno
1926 1199 2028 1235 nelle

1178 1263 1298 1298 opere
1334 1252 1512 1293 naturali,
1542 1252 1684 1297 perche
1721 1262 1798 1288 non
1836 1252 2027 1297 potrebbe

1181 1316 1250 1350 per
1267 1305 1289 1341 l’
1306 1305 1440 1341 ufficio
1461 1316 1484 1341 a
1504 1305 1554 1340 lui
1575 1313 1794 1342 commesso
1815 1304 1876 1341 far
1896 1315 2029 1342 ascen-

1177 1358 1270 1394 dere
1300 1359 1335 1394 in
1366 1359 1447 1394 alto
1475 1358 1512 1394 Ia
1542 1362 1658 1400 terra,
1679 1360 1728 1394 ne
1747 1357 1808 1394 far
1836 1358 2026 1394 scendere

1177 1412 1363 1448 albasso
1393 1412 1415 1447 il
1445 1410 1575 1447 fuoco.
1607 1411 1638 1446 E
1666 1421 1839 1456 neppure
1868 1411 1920 1458 gli
1960 1421 2026 1456 po-

1176 1471 1361 1507 trebbero
1390 1481 1526 1507 essere
1556 1469 1719 1506 affidate
1749 1469 1799 1506 da
1829 1469 1904 1506 Dio
1924 1470 2025 1506 tutte

1177 1524 1212 1559 le
1241 1523 1400 1566 facolta,
1416 1524 1576 1570 giacche
1593 1522 1668 1559 Dio
1684 1532 1762 1558 non
1778 1523 1968 1568 potrebbe
1989 1522 2025 1558 in

1176 1577 1287 1613 alcun
1305 1576 1420 1612 modo
1438 1575 1632 1622 affidargli
1648 1576 1672 1611 il
1688 1577 1827 1621 potere
1843 1575 1879 1611 di
1891 1585 2026 1612 creare
2061 1602 2064 1606 A

1176 1641 1198 1666 e
1227 1630 1458 1666 similmente
1487 1629 1524 1665 di
1553 1629 1790 1671 battezzare,
1821 1638 1931 1664 come
1947 1628 2026 1664 evi-

1175 1683 1424 1719 dentemente
1473 1683 1504 1719 si
1548 1682 1747 1722 dimostra,·
1790 1681 1965 1718 sebbene
2003 1681 2027 1717 il

1175 1736 1354 1772 Maestro
1384 1736 1503 1782 (delle
1533 1735 1748 1782 Sentenze)
1778 1735 1894 1771 abbia
1917 1734 2027 1770 detto

1175 1789 1198 1825 il
1229 1790 1424 1826 contrario
1442 1790 1502 1825 nel
1523 1790 1662 1834 quarto
1683 1786 1793 1824 libro.
1814 1786 2026 1833 Sappiamo
2067 1826 2072 1829 μ

1175 1853 1269 1887 pure
1299 1843 1368 1878 che
1398 1843 1422 1878 il
1451 1842 1596 1878 vicario
1625 1841 1661 1877 di
1691 1851 1740 1877 un
1788 1851 1904 1877 uomo
1949 1850 2026 1877 non

1174 1895 1226 1942 gli
1257 1895 1447 1941 equivale,
1492 1905 1561 1940 per
1598 1896 1739 1940 questo
1777 1894 1864 1930 solo
1901 1893 1973 1929 che
2001 1894 2025 1929 ὲ

1175 1958 1248 1984 suo
1277 1948 1435 1990 vicario,
1467 1948 1609 1993 perche
1638 1955 1812 1983 nessuno
1832 1947 1910 1991 puo
1930 1945 2024 1981 dare

1175 2002 1235 2037 cio
1265 2002 1335 2037 che
1365 2011 1440 2037 non
1471 2003 1494 2037 e
1522 2011 1608 2036 suo.
1639 1999 1866 2036 L'autorita
1894 1997 2027 2043 princi-

1176 2056 1265 2100 pale
1295 2065 1371 2090 non
1401 2056 1531 2099 spetta
1561 2054 1595 2089 al
1626 2052 1809 2098 principe,
1830 2062 1875 2088 se
1895 2051 2024 2087 nonin

1177 2109 1322 2153 quanto
1351 2108 1427 2154 egli
1457 2117 1506 2143 ne
1535 2105 1575 2142 fa
1605 2116 1688 2147 uso,
1718 2105 1860 2151 perche
1880 2113 2024 2140 nessun

711 2234 788 2243 -—-

341 2314 396 2352 da
408 2316 651 2362 syllogismo
664 2318 911 2364 Simpll'cl‘ffer.
929 2322 1046 2353 Dante
1059 2331 1139 2353 ama
1154 2322 1268 2353 citare
1282 2332 1303 2353 0
1319 2322 1343 2352 il
1359 2321 1466 2352 titolo
1481 2320 1538 2351 del
1554 2318 1714 2359 capitolo
1727 2327 1748 2349 o
1761 2317 1859 2349 della
1872 2316 2023 2348 lezione.

246 2361 361 2397 Arist.
402 2367 553 2407 Analyt.
596 2369 729 2410 priora,
772 2369 786 2399 1
826 2371 881 2408 25,
920 2370 988 2401 416
1015 2369 1225 2411 (Bertalot.)
1251 2363 1282 2401 E
1306 2371 1370 2409 pin
1400 2368 1586 2408 probabile
1611 2367 1677 2397 ohe
1704 2365 1748 2396 D.
1769 2374 1883 2404 segua
1907 2365 1968 2404 qui
1996 2363 2023 2394 il

248 2415 379 2452 quarto
404 2415 558 2446 trattati)
584 2417 847 2447 summularum
874 2417 1086 2457 logicalium
1114 2418 1150 2448 di
1187 2418 1309 2449 Pietro
1335 2415 1509 2447 Giuliano
1535 2412 1786 2456 (Spagnuolo).
1815 2411 1930 2450 Quum
1957 2412 2025 2442 ter-

249 2460 371 2491 minus
397 2462 537 2492 medius
563 2464 728 2494 variatur
753 2473 819 2503 pro
845 2464 920 2495 Deo
946 2466 1125 2495 vicarium
1153 2465 1219 2496 Dei
1246 2463 1515 2500 substituendo,
1549 2471 1620 2492 non
1646 2459 1816 2503 arguitur
1842 2458 1880 2490 in
1905 2457 2024 2489 tribus
2064 2492 2065 2502 ἶ

248 2508 417 2539 terminis
445 2509 539 2541 iuste
565 2511 724 2549 ‹Witte).
754 2511 770 2542 I
797 2512 942 2543 termini
969 2512 1260 2552 delssillogisino
1287 2521 1358 2542 non
1383 2518 1539 2550 possono
1564 2517 1681 2539 essere
1705 2507 1770 2546 pii]
1797 2506 1835 2537 di
1861 2508 1928 2537 tre.

343 2588 439 2626 licet
471 2588 672 2635 Magister
704 2590 946 2628 contrarium
982 2591 1125 2628 dixerit
1162 2591 1202 2628 in
1245 2590 1398 2636 quarto.
1424 2592 1455 2622 11
1494 2590 1671 2631 Magister
1706 2588 1972 2620 sententiarum
2004 2587 2024 2618 ὃ

249 2649 372 2681 Pietro
398 2651 600 2684 Lombardo
625 2652 663 2683 di
688 2653 926 2694 Lomellongo
953 2654 1010 2684 nel
1036 2654 1229 2689 Novarese,
1262 2654 1348 2684 nato
1374 2651 1430 2695 sul
1456 2649 1640 2690 principio
1666 2648 1725 2679 del
1751 2656 1821 2679 seo.
1846 2645 1920 2678 XII
1944 2644 2020 2676 Cfr.

249 2696 378 2729 Parad.
404 2698 450 2740 X,
484 2699 560 2732 106.
600 2699 719 2731 Dante
743 2700 868 2732 allude
905 2701 980 2732 alla
1017 2702 1191 2741 seguente
1228 2702 1399 2731 sentenza
1436 2697 1516 2740 (lib.
1546 2697 1595 2727 IV
1622 2696 1709 2729 dist.
1739 2696 1759 2726 5
1786 2704 1863 2735 par.
1893 2694 1924 2726 2.
1962 2692 2019 2746 ed:

247 2745 366 2785 parig.
397 2745 503 2790 1543)
540 2757 558 2777 «
575 2747 823 2780 Ministerium
860 2747 1102 2790 (baptizandi)
1139 2748 1241 2779 dedit
1266 2747 1437 2778 Christus
1462 2746 1591 2786 servis,
1620 2743 1682 2775 sed
1707 2742 1926 2782 potestat-„sm
1951 2739 2022 2771 sibi

247 2803 425 2836 retinuit:
463 2810 570 2841 quam
597 2800 628 2831 si
655 2799 780 2839 vellet,
807 2799 952 2838 poterat
977 2797 1094 2828 servis
1127 2796 1255 2838 dare...
1281 2794 1343 2826 sed
1369 2793 1560 2830 noluimus
1586 2791 1702 2823 servis
1731 2790 1765 2820 in
1792 2797 1897 2842 servo
1922 2796 2023 2841 spem

249 2852 410 2893 poneret.
459 2849 488 2879 E
516 2858 551 2888 p.
581 2848 614 2879 3.
655 2846 851 2885 Quaeritur
887 2854 980 2885 quae
1006 2845 1056 2875 sit
1092 2843 1160 2874 illa
1196 2843 1359 2882 potestas
1396 2839 1569 2880 baptismi
1611 2847 1719 2878 quam
1756 2835 1926 2889 Christus
1951 2834 2022 2887 sibi

249 2898 404 2931 retinuit
447 2898 484 2927 et
508 2895 632 2935 potuit
674 2894 759 2925 dare
797 2892 927 2925 servis.
968 2891 1067 2922 Haeo
1104 2892 1161 2922 est
1187 2890 1227 2921 ut
1253 2889 1404 2929 plurimi
1442 2887 1574 2918 volunt
1611 2885 1774 2925 potestas
1810 2881 2027 2935 dimittendr

248 2948 398 2986 peccata
422 2952 516 2984 quae
542 2942 579 2973 in
607 2942 683 2972 Deo
708 2943 776 2982 est,
816 2940 914 2970 Deus
939 2942 1006 2970 est.
1040 2938 1125 2969 Ideo
1150 2937 1217 2969 alii
1243 2936 1372 2967 dieunt
1398 2935 1492 2966 hane
1518 2933 1734 2974 potestatem
1762 2939 1833 2961 non
1857 2930 2024 2969 potuisse

250 2993 359 3025 alicui
389 2999 588 3027 servorum,
614 2989 701 3029 quia
726 2988 822 3019 nulli
845 2986 968 3026 potuit
993 2986 1080 3017 dare
1104 2988 1147 3016 ut
1172 2987 1267 3015 esset
1293 2982 1390 3031 quod
1433 2982 1516 3021 Ipse
1541 2982 1610 3020 est,
1639 2978 1698 3009 vel
1717 2980 1767 3032 ⁸ut
1792 2977 1943 3008 haberet
1967 2977 2026 3029 θ’θ’

251 3040 405 3072 sentiam
434 3047 541 3078 quam
568 3037 651 3076 Ipse
676 3034 798 3076 habet,
826 3034 885 3065 oui
912 3034 980 3064 hoo
1006 3035 1061 3064 est
1086 3041 1164 3063 esse
1188 3027 1462 3073 quod3posse...
1491 3028 1547 3058 Ad
1573 3026 1670 3067 quod
1688 3026 1760 3056 dici
1778 3026 1910 3064 potest,
1936 3031 2024 3063 qma

251 3087 373 3127 potuit
397 3086 452 3117 eis
476 3085 562 3115 dare
593 3083 797 3119 potentiam
826 3080 1037 3112 dimittendi
1056 3081 1217 3119 peecata,
1246 3087 1316 3109 non
1356 3079 1476 3108 tamen
1504 3075 1620 3114 ipsam
1649 3073 1814 3110 eandem,
1841 3080 1914 3111 qua
1940 3069 2023 3110 Ipse

251 3136 381 3175 potens
398 3134 465 3169 est,
491 3131 553 3163 sed
577 3129 780 3170 potentiam
806 3130 964 3160 creatam
990 3137 1061 3167 qua
1078 3135 1205 3158 servus
1220 3126 1356 3166 ,posset
1375 3124 1562 3155 dimittere
1591 3122 1747 3161 peecata
1763 3129 1772 3161 ;
1790 3128 1869 3173 'non
1893 3119 2021 3172 tame-n

251 3183 293 3213 ut.
311 3182 437 3213 auctor
462 3178 688 3210 remissionis
706 3177 768 3208 sed
794 3178 835 3207 ut
862 3175 1028 3207 minister
1053 3183 1119 3205 neo
1144 3175 1265 3204 tamen
1291 3171 1370 3203 sine
1401 3170 1475 3201 Deo
1501 3170 1667 3209 auctore,
1700 3170 1742 3198 ut
1768 3167 1865 3198 siout
1890 3174 1930 3196 in
1955 3172 2022 3194 mi-
