2248 3372
230 296 364 335 ,sticis
391 295 576 339 elenchis,
605 294 751 332 solutio
785 292 1001 341 argumenti
1040 292 1104 328 est

252 355 397 394 erroris
442 354 717 392 manifestatio.
762 353 811 390 Et
856 352 946 399 quia
993 361 1103 388 error

250 421 386 468 potest
425 431 516 458 esse
558 420 595 456 in
637 419 799 456 materia
842 420 882 454 et
910 417 947 453 in
976 415 1102 454 forma

252 487 480 536 argumenti,
517 485 720 532 dupliciter
756 495 921 536 peccare
959 483 1104 520 contin-

250 553 327 600 git:
370 554 438 589 aut
478 551 627 589 scilicet
669 548 905 588 assumendo
946 547 1100 590 falsum,

252 620 321 655 aut
346 627 423 655 non
452 615 744 665 syllogizandm
773 625 874 661 quae
903 614 981 664 duo
1020 613 1104 650 Phi-

199 675 203 678 *
251 682 439 729 losophus
467 682 663 719 obiciebat
677 683 814 732 contra
834 681 1101 718 parmenidem

251 750 293 787 et
319 747 534 790 Melissum‚
563 747 718 803 dicens:
755 741 892 792 «Quia
920 746 1023 783 falsa
1042 757 1103 782 re-

249 806 394 860 cipiunt
435 816 475 850 et
502 823 579 850 non
623 813 905 860 syllogizantes
949 814 1041 849 sunt
1070 812 1102 847 ›>.v

251 878 302 916 Et
328 878 476 925 accipio
503 878 564 915 hic
592 879 704 925 largo
734 877 850 915 modo
886 877 1062 914 «falsum
1084 890 1103 912 »

203 959 212 962 ³
249 945 367 982 etiam
395 940 467 990 pro
495 944 730 990 inopinabili,
760 943 864 989 quod
885 944 920 980 in
942 943 1105 980 materia

250 1010 439 1056 probabili
473 1009 593 1046 habet
634 1012 810 1046 naturam
853 1008 942 1046 falsi
977 1006 1106 1059 [syllo-

249 1072 391 1125 gismi].
420 1073 462 1112 Si
478 1085 575 1112 vero
604 1075 640 1112 in
669 1074 795 1111 forma
814 1075 865 1111 sit
890 1077 1103 1120 peccatum,

250 1141 449 1179 conclusio
477 1136 733 1176 interimenda
761 1142 824 1177 est
852 1141 901 1177 ab
944 1141 1010 1176 illo
1039 1141 1102 1186 qui

249 1205 408 1243 solvere
435 1206 531 1247 vult,
561 1205 808 1242 ostendendo
837 1204 999 1242 formam
1030 1206 1104 1253 syl-

249 1270 467 1318 logisticam
495 1281 572 1307 non
603 1281 694 1307 esse
715 1272 924 1307 servatam.
941 1270 983 1307 Si
1003 1282 1100 1307 vero

249 1336 450 1382 peccatum
478 1336 529 1372 sit
558 1336 593 1372 in
624 1318 798 1378 materia,
824 1337 892 1372 aut
919 1338 982 1372 est
1010 1336 1101 1382 quia

249 1400 471 1446 simpliciter
497 1399 637 1437 falsum
667 1403 904 1446 assumptum
934 1403 1008 1443 est,
1033 1404 1101 1438 aut

246 1465 337 1512 quia
363 1464 503 1502 falsum
532 1465 744 1502 secundum
773 1466 876 1512 quid.
897 1465 939 1503 Si
960 1467 1100 1512 simpli-

248 1531 356 1572 citer,
378 1523 468 1576 'per
522 1531 857 1577 interemptionem
913 1533 1100 1578 assumpti

248 1595 478 1632 solvendum
507 1598 589 1639 est;
618 1596 650 1632 si
679 1596 891 1633 secundum
911 1597 1013 1642 quid,
1030 1608 1100 1643 per

247 1653 544 1691 distinctionem.

301 1706 386 1744 Hoc
431 1708 530 1749 viso,
560 1708 610 1744 ad
657 1707 854 1747 meliorem
904 1710 1016 1747 huius
1059 1713 1100 1746 et

247 1771 406 1809 aliarum
438 1772 598 1810 inferius
635 1773 823 1811 factarum
862 1775 1098 1813 solutionum

246 1836 492 1879 evidentiam,
523 1838 816 1881 advertendum,
846 1840 951 1886 quod
996 1842 1099 1878 circa

245 1911 401 1939 sensum
418 1903 618 1950 mysticum
638 1903 843 1950 dupliciter
862 1916 995 1942 errare
1013 1917 1102 1943 con-

245 1965 377 2014 tingit:
407 1970 474 2004 aut
501 1969 728 2014 quaerendo
757 1970 879 2016 ipsum
918 1971 980 2007 ubi
1021 1983 1098 2009 non

245 2026 319 2067 est,
335 2027 403 2062 aut
431 2027 657 2073 accipiendo
687 2029 802 2065 aliter
829 2041 942 2075 quam
978 2032 1099 2078 accipi

245 2088 402 2127 debeat.
432 2090 598 2137 Propter
631 2094 790 2138 primum
834 2094 925 2131 dicit
968 2095 1099 2143 Augu-

245 2151 436 2192 stinus'in
467 2156 631 2194 Ct‘w'late
673 2159 773 2195 Dei:
808 2159 927 2197 «Non
971 2162 1100 2198 omnia

886 0 893 8 “
928 7 935 19 ι
964 0 989 11 ’²
1016 12 1033 22 ,,,
1056 0 1343 34 ,·»’-ὶω““ιᾉ,’ᾒῧν’ψὶτ,ῑῑῑ“ξῖ
1355 0 1791 32 fids-Wsff-Jjfiqufisttrflyst
1808 0 2089 33 -ssn¹2(ae·rf-2xf›⁹w=
2124 0 2163 26 *ιη

79 156 88 166 ‚
191 155 206 173 Ι,
230 167 247 176 γ’
368 165 371 167 ‚
515 168 517 170 q
835 154 841 155 ff
1042 126 1171 152 num
1197 125 1243 151 ιι.
1558 116 1562 118 ’
1915 114 1982 147 181

83 206 93 216 ι
150 216 157 223 k
195 205 199 211 ·
218 195 236 211 '-
255 191 2032 219 mmmmm

1176 290 1252 328 due
1282 291 1509 336 rimproveri
1539 291 1610 327 che
1639 291 1663 326 il
1684 287 1864 326 Filosofo
1884 299 2027 325 muove

1176 355 1199 381 a
1228 344 1459 381 Parmenide
1489 355 1511 380 e
1542 344 1719 385 Melisso‚
1741 344 1751 379 i
1771 343 1874 389 quali
1903 344 2032 379 accet-

1175 406 1270 441 tano
1290 404 1314 440 il
1330 402 1434 440 falso
1454 414 1476 440 e
1497 414 1574 440 non
1604 403 1823 450 ragionano
1852 401 2028 438 secondo

1177 458 1213 494 le
1242 457 1372 504 giuste
1402 467 1548 493 norme.
1579 456 1739 492 lntendo
1778 456 1799 492 il
1840 455 1951 501 falso
1994 455 2030 491 in

1176 521 1296 548 senso
1312 509 1746 559 lato,¹comprendendo
1767 510 1890 546 anche
1911 508 1935 544 l'
1952 509 2032 545 ino-

1177 564 1357 610 pinabile‚
1376 561 1446 600 che
1477 574 1632 600 assume
1675 566 1815 599 natura
1849 562 1885 599 di
1928 561 2033 598 falso

1176 625 1213 660 in
1243 624 1406 660 materia
1434 622 1484 659 da
1514 623 1704 668 provarsi.
1735 621 1789 658 Se
1826 622 1848 658 il
1888 621 2030 658 difetto

1138 699 1141 715 <¹
1176 680 1239 714 sta
1272 677 1375 714 nella
1418 675 1557 717 torma,
1588 676 1646 712 chi
1690 677 1781 712 vuol
1825 674 2030 712 confutare

1177 731 1279 767 deve
1308 730 1558 777 distruggere
1575 730 1612 766 la
1628 730 1892 771 conclusione,
1914 729 2032 765 ditno-

1177 784 1340 822 strando
1369 784 1440 820 che
1470 794 1546 820 non
1582 786 1604 819 e
1647 785 1752 819 stata
1795 788 2031 819 conservata

1177 845 1216 880 la
1243 843 1370 881 forma
1398 843 1640 890 sillogistica.
1672 841 1726 879 Se
1757 843 1820 888 poi
1843 842 1866 878 il
1886 841 2029 878 diietto

1178 900 1241 935 sta
1269 898 1372 934 nella
1401 898 1600 938 sostanza‚
1630 898 1771 942 questo
1810 896 1976 932 avviene
2007 905 2031 931 o

1179 951 1321 997 perche
1350 951 1382 987 si
1412 952 1434 987 e
1463 952 1627 987 assunto
1669 950 1978 986 assolutamente
2008 948 2031 984 il

1178 1010 1293 1052 falso,
1313 1015 1348 1047 'o
1383 1008 1679 1047 relativamente
1701 1019 1724 1044 a
1739 1008 1903 1054 qualche
1924 1018 2031 1051 cosa;

1178 1075 1221 1101 se
1261 1064 1569 1100 assolutamente
1609 1063 1733 1098 allora
1775 1062 1806 1098 si
1838 1061 1938 1098 deve
1969 1061 2033 1097 ab·

1178 1118 1332 1166 battere
1363 1117 1385 1153 il
1407 1117 1705 1164 ragionamento
1721 1115 1808 1152 coll'
1826 1115 2032 1151 abbattere

1178 1172 1214 1207 la
1226 1171 1500 1216 proposizione
1530 1172 1704 1211 assunta,
1734 1180 1779 1206 se
1809 1169 1945 1204 invece
1975 1179 2035 1204 se-

1176 1224 1304 1261 condo
1333 1224 1496 1270 qualche
1526 1234 1633 1266 cosa,
1663 1223 1787 1259 allora
1808 1223 1839 1258 si
1861 1221 2033 1267 proceda

1175 1283 1466 1330 distinguendo.
1495 1283 1608 1320 Visto
1625 1284 1781 1328 questo,
1798 1292 1867 1328 per
1888 1280 2032 1317 un’evi·

1174 1337 1300 1374 denza
1315 1337 1517 1384 maggiore
1534 1337 1571 1372 di
1587 1339 1727 1382 questa
1757 1334 2031 1372 confutazione

1175 1402 1197 1440 e
1214 1390 1251 1427 di
1268 1391 1366 1427 altre
1378 1391 1449 1427 che
1462 1391 1493 1427 si
1505 1389 1672 1426 taranno
1684 1390 1747 1435 piu
1760 1390 1872 1431 oltre‚
1886 1389 1917 1425 si
1929 1388 2031 1427 deve

1175 1444 1373 1480 avvertire
1417 1444 1488 1480 che
1532 1444 1698 1489 rispetto
1744 1443 1780 1479 al
1818 1452 1939 1479 senso
1970 1441 2033 1477 mi-

1174 1503 1273 1539 stico
1302 1502 1334 1539 si
1365 1505 1441 1548 puo
1486 1504 1740 1539 commettere
1783 1512 1832 1538 un
1877 1500 2030 1546 duplice

1173 1567 1321 1598 errore,
1352 1567 1376 1592 o
1406 1556 1641 1592 cercandolo
1672 1557 1708 1591 la
1729 1554 1832 1591 dove
1853 1565 1930 1591 non
1952 1553 2028 1596 c’e,
2047 1560 2053 1564 ’

1173 1610 1527 1656 ossupponendolo
1550 1609 1708 1645 diverso
1734 1608 1784 1644 da
1804 1608 1935 1654 quello
1956 1608 2028 1644 che

1174 1668 1262 1705 dev’
1275 1679 1423 1705 essere.
1469 1668 1668 1718 Riguardo
1712 1668 1747 1704 al
1791 1667 1914 1713 primo
1943 1667 2030 1703 dice

1173 1721 1367 1769 Agostino
1398 1722 1460 1758 nel
1491 1721 1551 1758 De
1581 1722 1740 1758 civitate
1770 1720 1865 1757 Dei:
1904 1735 1921 1752 «
1941 1721 2030 1757 Non

1174 1780 1270 1813 tutte
1311 1776 1347 1812 le
1389 1786 1483 1812 cose
1526 1777 1598 1812 elie
1641 1775 1679 1811 si
1716 1785 1888 1811 narrano
1919 1784 2030 1811 come

1174 1839 1366 1873 avvermte
1412 1837 1546 1872 hanno
1575 1845 1628 1871 tm
1657 1834 1883 1881 significato
1935 1834 2029 1870 sim-

1174 1889 1299 1926 bolico
1308 1899 1321 1933 ,·
1348 1899 1415 1926 ma
1450 1899 1527 1934 per
1541 1889 1670 1934 quelle
1686 1889 1810 1925 etzelo
1826 1889 1972 1928 hanno,
1990 1887 2029 1923 si

1167 1944 1372 1989 prendono
1414 1944 1544 1979 anche
1586 1942 1715 1988 quelle
1759 1943 1831 1978 ohe
1874 1951 1952 1977 non
1992 1941 2029 1977 lo

1173 2004 1319 2039 hanno.
1351 2002 1424 2038 Col
1450 2002 1535 2039 solo
1565 2011 1718 2038 vomere
1760 2000 1800 2037 si
1838 2000 2029 2046 squarm'a

1136 2053 1138 2088 ἰ
1174 2057 1215 2093 la
1244 2060 1359 2099 terra,
1389 2066 1456 2091 ma
1479 2056 1628 2100 perche
1658 2058 1797 2100 questo
1807 2064 1937 2099 possa
1958 2064 2025 2090 av-

1175 2109 1304 2146 vem're
1332 2119 1405 2145 son
1434 2109 1662 2145 necessarie
1691 2109 1820 2144 anche
1856 2108 1892 2143 Ie
1930 2107 2029 2144 altre

1167 2162 1280 2208 parti
1291 2162 1380 2199 dell’
1393 2165 1526 2199 aratro
1546 2177 1582 2197 ».
1602 2161 1780 2207 Rispetto
1797 2161 1832 2196 al
1854 2160 2029 2197 secondo

337 2360 478 2398 contra
503 2359 782 2401 Dat-menidem
806 2364 849 2401 et
869 2363 1082 2403 Melissum
1122 2370 1233 2410 Phys.
1260 2370 1289 2410 1,
1318 2380 1337 2401 e
1364 2369 1448 2401 leot.
1484 2371 1504 2400 5
1539 2369 1626 2406 Men,
1655 2370 1669 2399 1
1696 2369 1780 2400 leon.
1816 2368 1850 2399 9.
1881 2368 2029 2407 sillogi-

242 2412 549 2452 zameragioxmre
561 2416 894 2454 rettainente‚001ne
908 2417 1102 2455 politiznre
1115 2418 1134 2448 ὸ
1147 2426 1349 2457 guvernare
1364 2419 1581 2448 remanente
1595 2417 1673 2448 oioi:
1689 2416 1844 2447 secondo
1862 2416 1896 2447 lo
1912 2415 2025 2455 leggi.

242 2456 318 2490 cfr.
348 2459 475 2491 Pamd.
502 2460 605 2491 xm.
638 2462 726 2504 112-
744 2463 822 2494 129.
851 2473 869 2493 «
894 2463 935 2493 E’
953 2465 1206 2504 significativo
1238 2465 1263 2495 il
1292 2464 1387 2496 fatto
1413 2464 1480 2496 ohe
1507 2464 1663 2496 Tomaso
1690 2464 1771 2504 citi,
1801 2473 1900 2495 coine
1919 2466 2028 2503 gente

242 2505 309 2538 ohe
333 2507 490 2546 proceda
514 2517 589 2539 oon*
608 2508 702 2540 falso
728 2510 884 2551 metodo,
914 2514 968 2542 tro
995 2512 1181 2551 pensatori
1209 2512 1325 2552 greci,
1353 2512 1443 2544 tutti
1471 2521 1490 2543 o
1517 2514 1572 2543 tre
1598 2511 1693 2543 delle
1731 2511 1904 2542 tendenzo
1932 2510 2030 2550 rigo-

241 2555 445 2606 rosamente
470 2555 715 2588 monistiohe:
744 2557 962 2590 Parnienide
988 2559 1056 2590 ohe
1083 2559 1264 2600 spiegava
1292 2559 1328 2591 ln
1355 2562 1487 2591 natura
1526 2559 1700 2590 sensibile
1727 2569 1826 2589 conio
1854 2557 2030 2598 un'appa-

242 2609 351 2632 rouza
377 2601 637 2655 inconsistente
662 2613 682 2635 e
706 2603 802 2636 dava
827 2605 950 2637 valore
976 2606 1015 2638 di
1034 2609 1204 2638 sostanza,
1223 2607 1262 2639 al
1285 2607 1364 2638 solo
1381 2607 1562 2638 elemento
1588 2606 1836 2644 oonoett11ale;
1863 2605 2025 2645 Melisso,

242 2646 309 2679 ohe
334 2657 513 2689 epingeva
538 2659 648 2681 annor
671 2651 737 2690 pin
766 2651 913 2684 innanzi
939 2653 1014 2685 tale
1040 2653 1216 2691 dotti-ina,
1234 2664 1253 2685 e
1270 2654 1779 2693 Brissool1e,appartenen‹lo
1804 2653 1879 2684 alla
1904 2652 2029 2684 sonola.

242 2703 426 2735 megarese
451 2696 490 2727 di
516 2696 681 2735 Euclide,
701 2698 911 2738 profes-iava
930 2701 1165 2741 ugualinente
1192 2701 1485 2733 l’illusionisnm.
1500 2702 1540 2733 C.
1557 2701 1702 2732 Vossler
1727 2711 1761 2732 o.
1778 2710 1809 2733 o.
1831 2700 1856 2739 Ι,
1870 2710 1910 2739 p.
1924 2699 2004 2730 207.

333 2768 585 2815 ΑυςυΒΙῘηυε
609 2769 650 2808 ῘΠ
677 2770 851 2810 ΟῘυΙΙὸΙε
875 2772 973 2811 Dei.-
1000 2777 1031 2808 11
1059 2776 1174 2809 Witte
1200 2777 1370 2809 diohinru
1396 2778 1430 2808 di
1461 2787 1532 2809 non
1559 2786 1646 2809 aver
1672 2778 1802 2817 potato
1830 2779 1974 2808 trovato
1994 2776 2028 2807 le

241 2817 427 2872 ideutiohe
450 2821 575 2860 parole
601 2821 659 2853 nel
688 2821 740 2853 De
765 2823 839 2856 niv,
869 2822 960 2863 Dei;
986 2824 1230 2864 qnalohooosn
1256 2825 1323 2856 ohe
1350 2825 1568 2864 assomiglia
1592 2824 1731 2864 leggesi
1760 2824 1795 2856 nl
1822 2834 1902 2863 cap.
1929 2824 1949 2855 2
1968 2823 2026 2854 del

241 2864 308 2898 hb.
334 2866 439 2898 XVII
469 2878 487 2898 «
513 2868 605 2900 Mihi
632 2870 768 2910 autem,
796 2869 893 2902 siout
919 2871 1075 2903 multum
1103 2871 1276 2904 videntur
1302 2880 1423 2903 errare
1449 2873 1512 2910 qui
1542 2871 1664 2903 nullas
1690 2881 1746 2904 res
1772 2874 1895 2911 gestae
1923 2871 1958 2901 in
1986 2881 2028 2902 eo

239 2920 371 2953 genere
395 2913 604 2947 litterarum
630 2916 774 2957 aliquid
801 2917 905 2948 aliud
932 2920 1078 2958 praeter
1104 2919 1140 2950 id
1167 2919 1263 2959 qnod
1290 2929 1333 2961 eo
1359 2919 1466 2950 modo
1492 2921 1598 2959 gesta
1622 2921 1708 2950 sunt
1734 2919 1944 2959 significare
1971 2927 2028 2949 ar-

239 2957 438 3001 intrantur,
463 2961 520 2995 ita
547 2963 704 2995 multum
730 2964 865 2996 audere
890 2965 954 3005 qni
995 2975 1143 3006 prorsus
1184 2966 1233 2997 ibi
1273 2966 1398 2999 omnin
1436 2962 1776 3006 signifioationibns
1813 2965 2027 3005 allegoriois

240 3004 410 3060 involuta
432 3017 511 3040 esso
534 3011 761 3043 contendunt
786 3022 820 3045 ».
851 3012 917 3044 Nol
946 3012 997 3044 De
1024 3013 1140 3045 doctr.
1165 3013 1251 3045 Chr.
1280 3014 1307 3050 1,
1328 3014 1384 3047 36.
1428 3014 1636 3053 «Quisquis
1654 3014 1691 3045 in
1710 3013 1906 3053 seripturis
1923 3013 2025 3044 aliud

239 3054 354 3086 nonme
377 3064 485 3109 quam
513 3056 581 3089 ille
606 3059 669 3098 qni
695 3059 858 3100 soi-ipsit,
889 3059 952 3090 ille
981 3070 1049 3091 non
1078 3060 1344 3093 mentientibus
1371 3060 1541 3100 t'nllitnr3
1567 3061 1628 3092 sed
1658 3063 1819 3092 tamen...
1850 3060 1902 3091 ita
1928 3060 2027 3091 mlli-

239 3100 300 3132 fiux·
324 3110 367 3157 ao
393 3111 426 3133 ει
450 3103 649 3145 qnisquam
674 3115 794 3138 errore
820 3107 990 3139 deserens
1017 3107 1127 3145 viam,
1154 3118 1196 3140 eo
1222 3112 1345 3140 tamen
1371 3117 1435 3148 per
1473 3117 1600 3148 ugrum
1641 3111 1769 3149 pergat
1806 3117 1877 3148 qno
1914 3107 2024 3139 etium

2170 0 2231 26 '⁵2³5
2236 0 2248 30 ,Ξ
