2248 3372
1127 7 1136 9 *
1169 0 1242 21 ἵζ’-ζῇ
1311 0 1331 11 Γ
1376 15 1378 17 ,
1475 2 1490 8 ἤ
1511 15 1515 18 ,
1548 0 1672 21 ,τῷ-χυ-
1700 0 1731 9 ΣἸ
1783 0 1833 24 1¹13

1239 24 1246 27 s
1487 27 1490 30 .
1603 26 1629 36 μγ,
1807 20 1811 28 '
1884 27 1886 34 l

237 138 280 170 78
722 149 762 173 11,
787 150 990 175 TRATTATO
1015 151 1144 175 DnLLA
1171 152 1411 178 MONAncfflA

295 309 421 346 Prima
441 309 477 346 di
498 312 638 356 questa
653 311 853 349 conferma
873 323 895 349 e
916 312 1005 349 dell'
1017 314 1319 352 incoronazione
1341 315 1603 363 l’Imperatore
1624 329 1700 356 non
1721 320 1812 357 hail
1832 225 1981 361 dirittos

188 373 224 409 di
255 374 467 413 esercitare
497 375 608 412 alcun
639 375 774 413 officio
803 376 986 423 (Quaest.
1008 378 1179 422 XXXIX,
1209 382 1281 416 art.
1297 382 1352 427 2);
1373 382 1458 418 anzi
1479 383 1501 419 il
1533 394 1635 430 papa
1664 385 1855 430 potrebbe
1884 394 1964 434 sce-

186 438 310 485 gliere
353 438 626 476 direttamente
660 440 684 477 l’
700 440 936 487 Imperatore
980 442 1164 489 (Quaest.
1198 444 1355 488 XXXV,
1394 449 1465 484 art
1500 449 1513 484 1
1549 447 1756 494 -Quaest.
1793 448 1962 493 XXXIX,

187 505 258 539 art.
293 504 343 550 1),
374 514 396 540 e
431 515 474 541 se
504 515 580 542 non
611 506 649 542 lo
692 505 744 548 fa,
783 507 844 543 cio
887 506 1054 553 dipende
1093 508 1156 545 dal
1199 520 1272 547 suo
1316 510 1513 549 desiderio
1555 513 1591 549 di
1634 524 1711 551 non
1758 517 1963 552 sostenere

186 567 224 604 13
253 567 370 604 fatIca
401 568 462 605 dei
492 570 633 617 negozi
663 571 820 608 terreni.
852 570 1022 616 Quando
1053 572 1075 608 l'
1091 573 1328 619 Imperatore
1359 575 1422 613 dia
1451 587 1500 613 un
1530 578 1721 616 comando
1763 580 1958 616 contrario

187 632 223 669 al
253 633 389 670 volere
410 633 472 670 del
499 645 613 680 papa,
643 645 719 672 non
750 636 916 683 bisogna
946 637 1132 680 ubbidire,
1150 639 1293 684 perche
1322 640 1346 676 il
1378 651 1480 686 papa
1509 643 1586 687 puo
1615 643 1823 691 sciogliere
1841 644 1851 680 i
1872 644 1963 680 sud·
2010 656 2020 667 Χ

186 696 253 733 diti
283 697 346 734 dal
375 699 622 745 giuramento
651 700 686 736 di
717 699 866 737 fedelta
882 700 1067 747 (Quaest.
1083 702 1176 746 XLI,
1194 706 1264 740 art.
1286 705 1340 751 4).
1362 705 1417 742 La
1436 706 1560 743 scelta
1580 718 1602 744 e
1627 707 1962 746 l'incoronazione

185 764 370 807 spettano
400 764 729 802 esclusivamente
751 766 786 801 al
809 765 928 811 Papa,
959 777 981 803 e
1002 757 1090 804 sta
1082 778 1117 804 in
1140 768 1189 805 lui
1211 768 1398 807 l’arbitrio
1418 770 1454 807 di
1475 771 1642 809 rendere
1671 773 1695 808 l’
1706 772 1853 819 Impero
1882 783 1964 810 ere-

185 826 327 864 ditario
370 839 394 865 o
423 828 460 864 di
489 829 663 866 stabilire
708 830 865 876 principi
909 832 1065 869 elettori
1100 832 1243 870 diversi
1273 834 1335 871 dai
1365 835 1553 878 tedeschi,
1583 847 1605 873 e
1635 837 1740 874 nulla
1765 838 1819 885 gli
1850 838 1965 883 impe-

185 891 292 929 disce
322 893 358 929 di
388 892 558 931 deferire
589 894 612 931 l'
628 894 776 940 Impero
806 895 855 932 ad
886 907 934 932 un
939 895 1051 933 ’altra
1080 898 1244 935 nazione
1274 898 1459 946 (Quaest.
1489 900 1595 944 XLII,
1626 903 1698 938 art.
1728 903 1782 948 3).

293 957 334 995 L'
350 957 499 1004 Impero
529 960 745 1005 temporale
785 960 952 1006 dipende
996 962 1031 998 in
1063 964 1165 999 tutto
1195 963 1300 1000 dallo
1329 965 1541 1010 spirituale,
1572 967 1642 1003 che
1672 968 1695 1003 e
1723 967 1746 1003 il
1777 967 1963 1004 luminare

186 1023 388 1069 maggiore
418 1022 603 1070 (Quaest.
633 1024 804 1067 XXXVI,
822 1027 893 1071 art.
910 1027 965 1072 2);
994 1027 1017 1062 il
1049 1037 1151 1072 papa
1171 1029 1193 1064 e
1213 1028 1376 1074 qualche
1406 1040 1502 1066 cosa
1530 1030 1567 1066 di
1597 1031 1661 1076 piu
1689 1031 1759 1068 che
1779 1042 1829 1068 un
1858 1032 1962 1069 buon

185 1088 341 1135 angelo,
384 1099 406 1124 e
436 1099 506 1134 per
535 1099 668 1126 mezzo
697 1089 800 1126 delle
844 1101 991 1127 somme
1032 1092 1156 1128 chiavi
1199 1093 1304 1130 tiene
1335 1093 1358 1129 il
1389 1093 1520 1131 diritto
1563 1106 1607 1132 su
1651 1096 1737 1132 tutti
1767 1096 1777 1132 i
1807 1096 1964 1133 membri

185 1151 289 1189 della
319 1151 467 1190 Chiesa
496 1152 680 1199 (Quaest.
710 1154 794 1196 XX,
825 1158 896 1192 art.
927 1157 980 1202 2).
1011 1155 1097 1193 Non
1128 1158 1150 1193 3
1180 1157 1383 1205 obbligato
1413 1169 1436 1195 a
1465 1159 1654 1196 risiedere
1682 1160 1719 1196 in
1762 1170 1812 1197 un
1842 1160 1962 1208 luogo

185 1217 455 1260 determinato,
485 1221 735 1265 quantunque
765 1219 912 1257 l‘Italia
942 1231 964 1257 e
995 1221 1118 1258 Roma
1147 1232 1224 1259 non
1253 1233 1331 1268 per
1356 1224 1635 1262 necessitatem
1677 1235 1738 1262 ma
1769 1236 1848 1272 per
1873 1236 1964 1263 oon-

181 1282 392 1329 grut'tatem
422 1283 533 1319 siano
564 1284 601 1320 13
630 1284 836 1321 residenza
852 1286 916 1330 piu
936 1286 1187 1332 appropriata
1217 1286 1402 1333 (Quaest.
1419 1288 1516 1330 XXI,
1533 1291 1605 1325 art.
1625 1290 1675 1335 1).
1705 1289 1742 1326 In
1772 1291 1918 1335 quanto
1941 1300 1964 1327 a

182 1347 458 1394 giurisdizione
479 1348 555 1394 egli
577 1350 599 1384 e
619 1359 851 1386 successore
867 1349 904 1386 di
922 1349 1065 1393 Pietro,
1082 1350 1118 1387 in
1148 1353 1294 1397 quanto
1310 1362 1333 1388 3
1348 1353 1455 1389 reale
1485 1363 1675 1398 possesso
1695 1353 1732 1390 di
1753 1356 1923 1400 potenza
1941 1356 1963 1391 ὲ

184 1422 416 1448 successore
446 1412 482 1448 di
513 1411 761 1456 Costantino‚
779 1424 801 1450 e
831 1415 963 1460 percio
991 1415 1044 1462 gli
1073 1418 1204 1460 spetta
1219 1416 1242 1452 11
1273 1416 1442 1454 domimo
1462 1428 1484 1454 e
1505 1417 1604 1455 l'uso
1633 1417 1736 1455 delle
1765 1419 1964 1464 proprieta

184 1476 221 1513 di
238 1477 325 1513 tutti
354 1477 364 1512 i
395 1475 594 1519 Cristiani,
624 1478 735 1515 siano
765 1479 1032 1521 ecclesiastici,
1049 1480 1161 1517 siano
1191 1481 1276 1518 laici
1307 1480 1491 1528 (Quaest.
1522 1481 1582 1525 CI,
1612 1484 1684 1519 art.
1714 1484 1750 1526 4,
1767 1484 1803 1526 5,
1820 1483 1874 1530 7).
1891 1484 1963 1530 (1).

291 1542 379 1578 Alla
393 1552 466 1578 sua
481 1543 639 1588 potesta
663 1543 750 1579 tutti
776 1544 785 1579 i
811 1541 929 1580 fedeli
954 1555 1054 1581 sono
1080 1546 1266 1592 soggetti,
1288 1545 1562 1583 direttamente
1587 1558 1611 1584 0
1636 1547 1962 1590 indirettamente,

185 1616 246 1643 ma
271 1607 281 1642 i
307 1607 459 1643 chierici
480 1607 532 1654 gli
553 1614 661 1644 sono·
675 1609 887 1654 sottoposti
909 1619 979 1654 per
998 1619 1075 1646 una
1095 1611 1342 1654 oboedientia
1361 1611 1630 1657 princtpalior,
1650 1612 1909 1650 universalior
1925 1616 1966 1649 et

173 1672 448 1708 .immediatior
465 1671 649 1718 (Quaest.
662 1672 772 1714 XXII,
790 1675 861 1709 art.
873 1673 964 1720 2).11
984 1684 1086 1720 papa
1101 1676 1178 1720 pub
1196 1675 1390 1722 abrogare
1407 1675 1443 1712 le
1460 1676 1564 1723 leggi
1580 1676 1766 1722 imperiali
1777 1675 1962 1723 (Quaest.

184 1735 312 1778 XLIV,
343 1738 414 1772 art.
444 1737 512 1783 4);
543 1737 677 1782 punire
707 1738 794 1774 tutti
825 1738 834 1774 i
864 1738 1023 1784 principi
1062 1740 1184 1776 anche
1214 1740 1253 1777 ln
1277 1726 1368 1785 soso
1410 1741 1595 1778 exten‘ori
1618 1740 1803 1788 (Quaest.
1832 1741 1961 1784 XLVI,

185 1803 255 1837 art.
291 1802 354 1847 1);
384 1811 407 1837 3
435 1801 485 1837 lui
516 1803 647 1847 spetta
676 1802 714 1838 13
742 1813 835 1839 cura
864 1802 899 1839 di
930 1805 1032 1840 tutto
1062 1804 1122 1840 cio
1153 1805 1224 1840 che
1255 1815 1448 1853 concerne
1491 1804 1514 1841 l'
1532 1806 1655 1842 utilita
1684 1805 1746 1843 dei
1775 1806 1907 1852 popoli
1938 1816 1961 1842 e

184 1865 290 1902 dello
318 1864 460 1908 Stato;
491 1867 513 1902 ὲ
543 1865 691 1902 dovuta
721 1867 964 1903 obhedienza
993 1868 1044 1904 da
1074 1869 1160 1904 tutti
1190 1869 1347 1914 persino
1378 1869 1426 1905 ad
1456 1880 1505 1905 un
1549 1880 1650 1916 papa
1693 1880 1895 1915 perverso,
1926 1870 1962 1906 in

183 1933 330 1976 quanto
359 1931 430 1967 che
461 1931 483 1966 il
514 1941 587 1967 suo
617 1932 754 1977 potere
784 1942 861 1968 non
891 1932 943 1979 gli
973 1933 1063 1969 vien
1095 1933 1194 1969 tolto
1224 1933 1285 1969 dai
1315 1934 1401 1970 suoi
1431 1934 1593 1979 peccati.
1626 1934 1710 1981 Egli
1739 1935 1816 1979 pub
1845 1934 1956 1971 bensi

182 1995 399 2032 rinunziare
430 1995 507 2032 alla
536 2006 609 2032 sua
638 1995 796 2043 dignita
814 2007 836 2032 e
867 1997 904 2032 13
934 1995 1080 2033 Chiesa
1108 1997 1160 2044 gli
1190 1998 1394 2034 riconosce
1424 2000 1564 2044 questo
1595 1998 1738 2041 diritto,
1755 2008 1866 2035 come
1895 1998 1959 2035 nel

182 2059 283 2096 fatto
313 2060 351 2096 lo
381 2070 509 2097 aveva
537 2061 801 2098 riconosciuto
831 2071 853 2097 3
885 2060 1089 2098 Clemente
1119 2061 1142 2103 1,
1173 2073 1196 2099 3
1226 2061 1394 2105 Ciriaco‚
1426 2073 1449 2099 a
1478 2063 1709 2100 Marcellino
1739 2073 1762 2100 e
1791 2073 1815 2099 a
1844 2061 1958 2099 Cele-

185 2124 288 2162 stino
317 2125 351 2161 V
382 2126 454 2172 (2).

280 2255 330 2295 (1)
360 2255 388 2293 1,
414 2255 434 2285 8
462 2256 515 2286 De
540 2255 736 2295 discipulis
762 2256 903 2287 Christi
929 2256 1069 2288 dictum
1096 2259 1170 2288 est:
1197 2257 1279 2289 Nisi
1305 2258 1369 2298 qui
1383 2258 1652 2290 renuntiaverit
1678 2257 1846 2290 omnibus
1872 2267 1963 2298 quae

183 2314 360 2355 possidet,
390 2323 461 2346 non
486 2316 607 2354 potest
633 2324 710 2346 esse
738 2324 838 2346 meus
863 2315 1080 2354 discipulus.
1099 2315 1196 2356 Ergo
1215 2317 1362 2348 videtur
1387 2317 1483 2357 quod
1503 2317 1602 2357 Papa
1620 2326 1729 2356 super
1746 2316 1964 2356 temporalia
2001 2324 2006 2331 ·

183 2374 402 2413 potestatem
429 2382 499 2404 non
527 2373 702 2407 habeat...
729 2373 806 2404 Ista
832 2373 905 2405 fuit
931 2373 1110 2405 instantia
1137 2374 1275 2406 Iuliani
1303 2375 1522 2408 haeretici...
1552 2374 1633 2406 Non
1669 2376 1725 2406 est
1762 2376 1885 2405 tamen
1917 2373 1962 2405 de

185 2431 327 2463 ratione
352 2432 452 2463 vitae
478 2431 659 2471 perfectae
685 2434 721 2463 et
746 2432 1012 2472 discipulorum
1038 2432 1179 2463 Christi
1213 2432 1308 2464 nihil
1334 2433 1590 2473 temporalium
1629 2431 1825 2473 possidere,
1851 2441 1963 2472 quum

185 2490 258 2531 ipsi
285 2490 403 2522 multa
428 2490 646 2530 temporalia
672 2490 708 2521 in
736 2491 882 2521 comuni
909 2490 1123 2524 haberent...
1151 2491 1341 2523 Possidere
1378 2491 1534 2523 divitias
1570 2500 1641 2523 non
1669 2493 1710 2522 nt
1736 2491 1775 2522 in
1801 2490 1855 2522 313
1880 2500 1964 2531 spes

185 2551 354 2590 ponatur,
365 2549 427 2581 sed
441 2550 484 2580 ut
498 2549 535 2580 in
549 2549 601 2580 eis
614 2549 782 2580 divinum
796 2551 1029 2589 praeceptum
1046 2549 1244 2589 impleatur
1257 2550 1303 2581 ad
1316 2550 1521 2589 praesentis
1532 2550 1631 2581 vitae
1644 2549 1964 2589 sustentationem,

185 2608 231 2640 ad
256 2617 458 2648 pauperum
484 2609 731 2648 erogationem
758 2609 794 2639 et
820 2608 1000 2639 virtutum
1016 2608 1264 2648 operationem
1295 2610 1351 2640 est
1376 2608 1419 2639 de
1435 2609 1576 2640 ratione
1601 2607 1702 2640 vitae
1715 2608 1964 2648 Apostolioae.

281 2665 332 2708 (2)
358 2666 490 2705 Queste
516 2666 637 2698 favole
663 2676 705 2697 su
731 2675 781 2697 un
807 2676 901 2706 papa
926 2666 1071 2698 Ciriaco
1096 2676 1169 2698 nou
1195 2667 1268 2699 mai
1293 2666 1440 2698 esistito
1465 2676 1484 2698 e
1509 2667 1605 2698 sulle
1632 2666 1800 2698 rinunoie
1817 2665 1856 2698 di
1873 2665 1965 2697 Mar-

186 2725 320 2756 cellino
358 2734 478 2756 vanno
515 2724 705 2756 d'accordo
742 2734 807 2756 oon
847 2725 967 2765 quelle
1005 2725 1043 2756 di
1070 2725 1250 2756 Landolfo
1276 2724 1312 2766 (o
1339 2724 1509 2767 Radolfo)
1535 2725 1712 2760 Colonna.
1741 2725 1795 2756 La
1818 2733 1961 2764 compo-

187 2783 324 2814 sizione
350 2783 409 2814 del
434 2793 499 2815 suo
525 2784 679 2815 trattato
709 2784 757 2814 De
781 2784 1007 2815 iurisdictione
1041 2784 1185 2825 imperii,
1215 2783 1339 2815 fissata
1376 2783 1437 2815 dal
1475 2783 1628 2815 Goldast
1654 2783 1714 2814 nel
1748 2782 1851 2820 1260,
1879 2782 1963 2813 vien

185 2844 292 2881 posta
317 2841 378 2873 dai
405 2842 568 2873 moderni
594 2843 651 2874 tra
679 2842 705 2873 il
733 2841 824 2873 1310
861 2851 880 2873 3
907 2842 934 2873 11
964 2841 1063 2875 1320.
1091 2841 1227 2889 Questa
1252 2842 1338 2874 data
1369 2843 1388 2873 e
1418 2842 1454 2874 la
1480 2842 1544 2883 pin
1571 2840 1792 2873 verosimile.
1827 2839 1963 2880 perche

187 2900 212 2931 l'
227 2901 353 2931 autore
378 2901 397 2930 e
422 2900 585 2932 identico
610 2900 647 2932 al
685 2900 860 2932 canonico
897 2901 1131 2940 Camotmse,
1157 2900 1185 2931 il
1217 2901 1277 2932 cui
1305 2901 1521 2932 Brevicvrium
1557 2900 1776 2931 historiarum
1800 2899 1841 2930 ab
1866 2898 1958 2930 obitu

191 2957 325 2999 cvii-isti,
353 2960 567 2991 conservato
593 2959 831 2991 manoscritto
856 2969 875 2990 e
900 2959 1113 2999 pubblicato
1139 2958 1263 2990 sinora
1288 2959 1366 2991 3010
1402 2959 1440 2991 in
1467 2959 1650 2998 excerpta,
1675 2958 1694 2989 e
1731 2957 1901 2989 dedicato
1925 2956 1963 2988 al

186 3026 282 3057 papa
307 3015 489 3049 Giovanni
515 3018 635 3051 XXII.
665 3011 694 3048 E
720 3018 888 3050 naturale
913 3017 980 3050 che
1005 3018 1037 3049 si
1075 3017 1168 3049 veda.
1202 3018 1240 3049 in
1274 3017 1328 3048 lui
1367 3017 1537 3049 un'altra
1574 3016 1708 3057 pedina
1741 3025 1860 3047 mossa
1898 3015 1960 3049 dal

186 3075 407 3116 battagliero
433 3076 610 3116 pontefice
636 3078 762 3108 contro
788 3077 815 3108 il
847 3077 894 3107 De
919 3076 1119 3108 Menarchi-a
1144 3076 1183 3108 (11
1206 3065 1342 3108 Dante.
1365 3075 1485 3108 Kraus
1502 3085 1534 3107 o.
1559 3084 1592 3115 c.
1619 3084 1704 3115 pag.
1724 3073 1807 3116 738,
1835 3084 1872 3107 n.
1904 3075 1938 3106 1.
