2248 3372
168 285 205 354 Ι,
228 289 412 342 intuetur.
443 295 525 339 'Hic
573 302 702 337 autem
745 300 808 335 est
847 297 959 334 solus
1005 295 1082 337 Ille,

229 363 294 410 qui
309 362 422 400 -hanc
449 353 753 408 praeorffiavit,
783 359 826 394 ut
851 367 932 403 1per
956 356 1083 401 ipsam

230 419 317 470 lpse
345 419 556 468 providens
584 418 667 456 suis
687 416 886 454 ordinibus
905 424 1085 461 quaeque

233 481 497 519 connecteret.
541 476 659 523 Quod
701 476 734 513 si
776 475 830 512 ita
872 477 945 517 est,
974 474 1086 510 solus

233 533 342 582 eligit
369 533 492 575 Deus,
521 531 631 568 solus
659 530 744 576 ipse
764 527 980 570 confirmat,
1002 537 1086 564 cum

234 588 475 640 superiorem
503 601 581 627 non
602 590 758 626 habeat.
779 588 837 625 Ex
856 580 933 633 quo
953 586 1087 623 haberi

235 652 369 699 potest
397 650 570 691 ulterius,
591 648 695 694 quod
715 658 788 684 nec
813 647 875 684 isti
895 646 959 692 qui
975 655 1088 687 nunc,

234 721 310 749 nec
325 710 388 747 alii
418 709 692 755 cuiuscumque
707 706 810 744 modi
827 706 917 743 dicti
932 704 1090 741 fuerunt

238 770 454 819 Electores‚
470 768 526 805 sic
546 766 697 804 dicendi
717 767 820 809 sunt3
849 765 938 811 quin
960 764 1091 810 potius

237 827 534 866 denuntiatores
605 826 759 863 divinae
819 816 1091 871 providentiae

169 919 179 931 .
210 934 211 939 ¹
237 889 330 926 sunt
347 885 527 924 habendi.
547 885 661 924 Unde
680 884 738 928 fit,
758 884 863 931 quod
883 881 1093 929 aliquando

235 947 435 1008 patiantur
450 945 661 987 dissidium,
683 945 822 991 quibus
842 940 1093 980 denuntiandi

240 1005 410 1054 dignitas
439 1005 501 1041 est
529 1004 688 1046 indulta,
717 1004 780 1040 vel
818 1004 909 1049 quia
944 1013 1093 1042 omnes,

186 1114 188 1116 q
240 1065 305 1102 vel
333 1064 425 1110 quia
451 1062 605 1110 quidam
634 1073 781 1105 eorum,
810 1063 953 1100 nebula
996 1062 1097 1108 cupi-

222 1123 375 1161 'ditatis
412 1122 672 1166 obtenebrati,
701 1122 855 1158 divinae
899 1122 1098 1168 dispensa-

241 1177 359 1214 tionis
386 1175 526 1212 faciem
556 1185 633 1212 non
654 1175 898 1212 discernunt:
913 1174 978 1212 Sic
999 1185 1097 1222 ergo

245 1237 366 1283 patet,
383 1229 500 1282 'quod
529 1235 743 1272 auctoritas
762 1235 990 1280 temporalis
1009 1234 1098 1271 Mo-

243 1294 425 1338 narchae,
454 1294 538 1331 sine
567 1294 647 1331 ullo
676 1293 816 1337 medio,
838 1294 874 1330 in
905 1294 1028 1340 ipsum
1049 1293 1098 1330 de

245 1353 372 1391 Fonte
400 1353 632 1390 universalis
652 1354 906 1393 auctoritatis
935 1353 1099 1390 descen-

225 1404 312 1451 ‘dit.
355 1411 433 1458 Qui
475 1412 628 1458 quidem
670 1411 772 1454 fons,
811 1413 847 1449 in
882 1423 973 1449 arce
1002 1422 1100 1449 suae

244 1471 501 1518 simplicitatis
513 1471 654 1513 unitus,
671 1472 708 1508 in
719 1472 949 1517 multiplices
961 1472 1100 1508 alveos

175 1563 198 1579 ⁷»
246 1530 373 1568 influit
401 1541 450 1567 ex
487 1530 725 1567 abundantia
765 1531 953 1568 bonitatis
991 1530 1102 1577 (divi-

186 1623 190 1627 .
247 1585 432 1637 nae).'Et
452 1590 534 1627 viam
569 1590 666 1627 satis
702 1589 840 1627 videor
877 1592 1018 1627 metam
1049 1593 1104 1627 at-

247 1644 385 1699 tigisse
414 1649 667 1694 propositam.
698 1649 914 1686 Enucleata
936 1646 1107 1696 namque*

127 1755 146 1762 Η
249 1703 397 1745 veritas
425 1709 488 1744 est
515 1708 732 1754 questionis
762 1709 872 1751 illius,
893 1719 970 1755 qua
989 1719 1106 1755 quae-

57 1789 65 1796 ·
249 1766 420 1809 rebatur,
450 1769 574 1803 utrum
604 1767 653 1804 ad
696 1768 798 1804 bene
841 1778 932 1804 esse
976 1768 1104 1804 mundi

249 1825 513 1862 necessarium
530 1828 638 1862 esset
649 1826 904 1863 Monarchiae
917 1826 1104 1869 officium,

251 1893 298 1921 ac
326 1883 438 1926 illius,
467 1895 544 1930 qua
563 1886 813 1931 querebatur,
834 1897 883 1923 an
905 1879 1107 1923 Romanus

204 1966 212 1970 -
253 1943 421 1989 populus
450 1943 499 1980 de
529 1943 610 1980 iure
640 1944 838 1990 Imperium
875 1945 947 1982 sibi
987 1945 1109 1982 adsci-

999 121 1145 163 ·1›Antric
1171 127 1216 154 11.

1156 294 1245 339 quel
1276 295 1458 330 curatore
1487 294 1558 330 che
1588 293 1625 330 di
1655 304 1848 339 presenza
1867 303 2012 341 scorge

1158 347 1195 383 13
1223 347 1347 383 totale
1377 346 1643 392 disposizione
1665 346 1727 383 dei
1749 347 1848 385 cieli.
1870 346 2012 392 Questi

1159 402 1181 437 e
1210 401 1299 437 solo
1329 399 1446 436 Colui
1466 400 1536 436 che
1558 400 1581 436 l’
1598 401 1647 436 ha
1668 399 1919 446 preordinata
1945 410 2014 445 per

1159 454 1359 501 collegare
1405 454 1499 500 ogni
1543 464 1640 490 cosa
1683 453 1744 490 coi
1773 454 1860 490 suoi
1890 452 2015 490 ordini

1161 506 1444 553 provvedendo
1487 506 1538 542 da
1581 505 1634 543 Se
1677 510 1823 543 stesso.
1854 506 1939 543 Che
1969 516 2015 542 se

1161 561 1246 597 cosi
1275 561 1310 602 e,
1341 559 1419 596 Dio
1441 560 1531 596 solo
1554 560 1709 606 elegge,
1730 561 1819 596 solo
1840 560 1908 596 Lui
1929 570 2019 596 con-

1160 613 1298 655 ferma,
1327 623 1404 649 non
1434 612 1589 649 avendo
1611 623 1687 649 uno
1708 614 1924 658 superiore.
1942 613 2016 649 Dal

1163 667 1234 703 che
1263 666 1556 703 ulteriormente
1586 667 1618 703 si
1649 668 1726 712 puo
1747 666 1916 703 ritenere
1946 667 2018 702 che

1163 722 1213 757 ne
1242 719 1359 766 quelli
1401 718 1463 755 dei
1506 718 1629 756 nostri
1672 720 1809 766 giorni,
1840 721 1889 755 ne
1932 718 2019 756 altri

1165 773 1201 810 di
1231 773 1416 819 qualsiasi
1445 773 1590 818 specie,
1621 773 1716 809 detti
1747 773 1923 815 Elettori,
1945 783 2021 808 me-

1165 827 1292 864 ritano
1322 828 1464 874 questo
1493 834 1621 869 nome,
1652 836 1713 862 ma
1742 837 1843 863 sono
1878 826 2021 872 piutto-

1166 883 1230 917 sto
1259 880 1310 916 da
1339 879 1600 916 considerarsi
1621 890 1731 916 come
1752 878 2021 916 denunciatori

1167 934 1271 970 della
1300 932 1430 969 divina
1449 932 1735 970 Provvidenza.
1757 932 1872 970 Onde
1894 932 2024 969 avvie-

1168 998 1217 1023 ne
1247 987 1318 1023 che
1348 987 1523 1033 talvolta„
1543 986 1656 1023 siano
1694 986 1863 1022 discordi
1906 985 2022 1031 quelli

1169 1051 1193 1077 a
1221 1040 1281 1076 cui
1310 1038 1352 1076 fu
1380 1050 1573 1076 concessa
1602 1040 1639 1076 la
1668 1039 1816 1086 dignita
1853 1038 1890 1075 di
1928 1039 2026 1075 rive-

1170 1094 1264 1136 lare‚
1295 1104 1320 1129 o
1335 1093 1478 1139 perche
1498 1093 1586 1129 tutti
1608 1103 1632 1129 o
1652 1093 1846 1138 qualcuno
1867 1092 1904 1128 di
1926 1093 2024 1134 loro,

1172 1146 1410 1184 ottenebrati
1440 1146 1543 1182 dalle
1573 1146 1714 1183 nebbie
1744 1145 1848 1182 della
1881 1145 2026 1191 cupidi-

1171 1201 1247 1247 gia,
1277 1210 1355 1249 npn
1385 1199 1543 1236 vedono
1573 1199 1674 1236 bene
1704 1199 1726 1235 13
1744 1200 1902 1244 aspetto
1923 1198 2027 1234 della

1172 1253 1436 1299 disposizione
1480 1252 1622 1289 divina.
1666 1252 1763 1289 Cosi
1806 1252 1961 1298 dunque
2004 1253 2027 1287 e

1173 1306 1356 1343 evidente
1386 1307 1457 1342 che
1487 1305 1693 1353 l'autorita
1713 1307 1930 1351 temporale
1964 1304 2028 1340 del

1173 1360 1376 1402 Monarca‚
1419 1369 1540 1396 senza
1577 1360 1689 1395 alcun
1728 1358 2028 1400 intermediario,

1173 1413 1359 1450 discende
1391 1414 1426 1449 in
1457 1413 1507 1449 lui
1537 1413 1642 1449 dalla
1669 1411 1780 1449 fonte
1815 1411 1904 1448 dell'
1922 1414 2030 1448 auto-

1173 1467 1248 1503 rita
1276 1467 1512 1503 universale.
1557 1465 1712 1510 Questa
1754 1465 1879 1502 Fonte
1918 1464 2031 1500 unica

1174 1520 1279 1556 nella
1294 1530 1411 1556 rocca
1427 1519 1530 1556 della
1545 1529 1618 1555 sua
1633 1519 1815 1555 sincerita
1831 1519 1864 1555 si
1879 1516 2031 1564 spande

1176 1574 1212 1610 in
1243 1573 1452 1618 moltepllci
1496 1573 1608 1609 rivoli
1634 1583 1703 1618 per
1734 1571 1756 1608 l’
1774 1571 2033 1609 abbondanza

1176 1626 1280 1663 della
1300 1623 1430 1662 BOnta
1451 1625 1628 1672 (divina).
1650 1624 1783 1662 Ormai
1804 1625 1852 1661 mi
1878 1624 2034 1661 sembra

1177 1678 1313 1716 d‘aver
1340 1680 1498 1716 toccato
1529 1679 1566 1715 la
1595 1682 1699 1715 meta
1728 1681 1931 1724 proposta,
1952 1687 2036 1723 per-

1179 1733 1250 1770 che
1279 1733 1311 1769 si
1342 1734 1364 1769 8
1384 1733 1603 1769 sviscerata
1624 1732 1660 1768 la
1676 1732 1802 1768 verita
1823 1731 1926 1767 della
1946 1740 2036 1776 que·

1178 1787 1309 1823 stione
1338 1786 1442 1822 nella
1470 1786 1586 1831 quale
1615 1786 1649 1821 si
1678 1786 1878 1821 ricercava
1915 1794 1959 1820 se
1998 1784 2034 1819 31

1179 1840 1395 1877 benessere
1425 1838 1488 1875 del
1518 1837 1661 1875 mondo
1680 1837 1791 1875 fosse
1808 1836 2036 1874 necessario

1181 1892 1204 1929 l'
1221 1891 1355 1929 ufficio
1385 1892 1447 1929 del
1478 1892 1681 1934 Monarca,
1698 1891 1734 1927 di
1764 1892 1893 1937 quella
1920 1891 1954 1926 in
1976 1890 2037 1926 cui

1181 1946 1214 1982 si
1244 1946 1444 1983 ricercava
1473 1956 1517 1982 se
1558 1946 1580 1981 il
1620 1944 1774 1990 Popolo
1813 1954 1975 1981 romano
2004 1943 2038 1979 si

353 2145 479 2184 Fonte
504 2136 749 2186 universalis
774 2149 1030 2187 auctoritatis
1055 2154 1074 2184 ὸ
1101 2153 1184 2193 Dio,
1209 2151 1343 2193 poiche
1363 2152 1451 2193 ogni
1477 2156 1603 2192 potere
1629 2152 1757 2184 deriva
1782 2151 1828 2183 da
1854 2150 1919 2182 lui.

271 2265 277 2273 1
353 2217 656 2256 denvnfflaffores
680 2219 844 2258 divinae
865 2220 1169 2266 provldenll'ae:
1195 2210 1432 2256 denunziano'
1458 2223 1654 2266 (rivelauo)
1684 2223 1720 2255 la
1738 2223 1889 2255 volunta
1902 2222 1938 2254 di
1956 2221 2040 2263 Dio,

196 2275 231 2311 s
259 2288 331 2318 non
357 2280 547 2322 eleggono,
564 2282 696 2321 porche
721 2283 794 2314 essi
818 2292 888 2314 non
916 2283 1036 2315 danno
1062 2282 1253 2315 Panem-its.
1277 2282 1316 2315 di
1343 2283 1404 2314 oui
1430 2293 1502 2314 uon
1529 2292 1618 2314 sono
1645 2283 1828 2316 rivestiti.
1866 2282 1919 2313 La
1947 2281 2043 2316 fraso

260 2339 280 2377 ᾧ
304 2339 705 2380 teolegioo-soolastioa.
731 2340 830 2374 Bull.
855 2342 934 2379 Soc.
963 2342 1073 2374 Dant.
1100 2342 1203 2383 1892,
1229 2352 1267 2383 p.
1295 2342 1350 2375 16.
