2248 3372
267 151 271 154 Δ
323 161 390 214 ἴ]
438 156 466 165 '⁷
644 158 647 159 ⁷
829 158 832 159 ⁷
1021 171 1026 174 ·
1055 160 1078 170 ²
1120 170 1251 198 narn
1275 172 1321 197 11.

325 337 427 375 male
455 336 571 384 igitur
598 337 661 374 est
698 331 900 374 Ecclesiae
942 335 1035 372 illud
1077 334 1177 372 idem

325 390 456 428 dicere
484 389 577 427 illud
605 389 706 427 idem
738 389 897 426 sentire.
941 387 1176 435 Oppositum

315 444 456 482 *autem
484 438 615 480 dicere
642 442 706 480 vel
744 442 904 485 sentire,
943 442 1176 480 contrarium

323 491 488 539 formae,
516 497 559 532 ut
588 497 710 542 patet,
738 495 824 533 sive
852 497 1029 539 naturae,
1067 494 1177 541 'quod
1201 515 1202 518 =

317 548 528 597 ‚idemvest
559 548 617 586 Ex
643 559 722 595 quo
751 548 955 599 colligitur,
985 547 1090 594 quod
1105 548 1178 586 vir-

307 605 390 641 *tus
417 601 682 648 auctorizandi
700 611 862 650 regnum
877 601 952 639 hoc
972 602 1029 638 sit
1037 603 1176 639 contra

323 656 501 694 naturam
532 654 759 693 Ecclesiae:
789 655 1048 692 contrarietas
1077 654 1177 691 enim

325 709 362 747 in
391 708 584 758 opinione·
602 709 666 746 vel
695 707 811 751 dicto,
827 708 1002 754 sequitur
1021 719 1071 745 ex
1085 718 1178 745 con-

324 762 539 804 trarietate,
568 772 670 808 quae
698 763 761 798 est
803 761 839 798 in
881 771 925 798 re
967 761 1072 798 dicta
1112 761 1176 798 vel

324 815 496 862 opinata,
524 814 625 852 sicut
650 825 786 851 verum
806 816 848 851 et
863 813 1005 851 falsum
1021 814 1071 852 ab
1086 813 1178 852 esse

153 855 158 858 ⁷
215 867 220 873 ¹
278 862 290 878 ‘⁷
323 868 395 912 rei,
422 868 487 906 vel
514 878 593 905 non
609 878 702 905 esse
721 868 758 904 in
779 868 959 905 oratione
980 869 1176 910 causatur,

318 923 368 959 ut
412 920 590 959 doctrina
636 921 1051 959 Praedieamentofilzm
1103 931 1178 958 nos

324 973 453 1012 docet.
495 973 748 1012 Sufficienter
795 974 911 1022 igitur
952 985 1023 1020 per
1066 984 1180 1022 argu-

316 1028 455 1079 menta
481 1028 699 1073 superiora,
729 1027 908 1065 ducendo
951 1024 1018 1064 ad⁷
1043 1028 1104 1064 inc
1135 1038 1178 1064 n—

267 1116 270 1117 7
321 1081 499 1128 veniens,
537 1081 743 1127 probatum
790 1083 853 1118 est
903 1075 1098 1118 auctorita
1142 1092 1177 1117 m

323 1133 472 1180 Imperii
500 1133 550 1171 ab
579 1133 758 1172 Ecclesia
771 1134 923 1172 minime
939 1133 1177 1180 dependere.

369 1245 450 1284 xvi
479 1247 576 1294 (xv).
606 1246 717 1284 Licet
743 1247 779 1283 in
822 1240 1075 1293 praecedenti
1115 1257 1185 1284 ca·-

286 1310 292 1314 “
322 1305 458 1352 pitulo,
470 1309 475 1314 “
487 1305 667 1343 ducendo
682 1305 732 1343 ad
748 1306 1030 1343 inconveniens
1047 1308 1180 1343 osten-

310 1362 407 1402 'sum
434 1364 496 1408 sit,
517 1364 798 1414 *auctoritatem
827 1364 978 1411 Imperii
1007 1365 1059 1402 ab
1090 1375 1178 1402 auc-

255 1415 258 1417 ⁷
301 1428 482 1474 ‘toritate
509 1430 646 1482 summi
675 1428 876 1467 Pontificis
904 1430 1178 1473 non.causari,

321 1497 400 1526 non
427 1490 556 1525 tamen
585 1489 743 1526 omnino
771 1489 977 1534 probatum
1021 1490 1096 1532 est,
1127 1489 1178 1535 ip-

322 1562 406 1590 sam
422 1552 640 1597 immediate
654 1553 882 1600 dependere
896 1564 919 1590 a
931 1553 1031 1596 Deo,
1043 1554 1178 1591 nisiex

323 1612 591 1658 consequenti.
643 1611 904 1659 Consequens
955 1613 1056 1650 enim
1101 1615 1174 1657 est,

278 1687 288 1695 ·
322 1675 356 1713 si
384 1675 550 1723 abipso
579 1676 654 1714 Dei
681 1677 830 1714 vicario
858 1687 935 1714 non
964 1677 1176 1723 dependet,

321 1735 427 1782 quod
455 1746 480 1774 a
507 1735 596 1773 Deo
633 1734 867 1782 dependeat.
912 1737 962 1773 Et
990 1736 1094 1780 ideo,
1124 1737 1175 1774 ad

322 1799 535 1846 perfectam
563 1800 925 1839 determinationem
968 1802 1173 1848 propositi,

278 1863 280 1865 ⁷
322 1860 524 1904 ostensive
553 1866 795 1912 probandum
825 1871 888 1904 est
901 1866 1176 1913 Imperatorem

321 1931 407 1968 sive
462 1930 590 1968 mundi
646 1931 901 1969 Mones-cham
954 1931 1177 1969 immediate

149 2000 158 2015 ⁴
211 1994 214 1995 ⁷
255 2020 258 2022 -
321 2005 368 2058 se
417 1995 564 2038 habere
615 1996 665 2033 ad
716 1996 931 2043 Principem
983 1997 1167 2040 universi,

1306 335 1382 373 Dal
1411 337 1482 374 che
1511 337 1544 374 si
1573 337 1726 375 deduce
1755 338 1827 375 che
1857 339 1880 375 e
1908 338 2124 376 contrario>

1251 408 1328 445 alla
1355 411 1497 445 natura
1525 408 1629 446 della
1658 408 1805 446 Chiesa
1824 409 1919 466 dare
1935 409 2108 446 autorita

1250 480 1372 527 regia.
1396 479 1529 517 -lnfatti
1558 481 1595 517 la
1637 469 1886 518 contrariete
1917 480 2108 527 nell'opi-

1249 545 1367 582 nione
1382 556 1408 582 o
1422 546 1524 582 nelle
1541 546 1676 591 parole
1693 546 1880 591 proviene
1901 545 2006 583 dalla
2021 555 2111 583 con-

1249 611 1412 648 trariete
1441 611 1512 648 che
1524 611 1646 648 esiste
1658 612 1762 648 nella
1792 622 1888 648 cosa
1916 611 2027 648 detta
2056 610 2108 648 od

1251 676 1436 722 opinata3
1466 686 1578 713 come
1608 676 1632 712 il
1662 687 1759 713 vero
1789 676 1839 713 ed
1881 677 1905 712 11
1952 675 2056 713 falso
2085 677 2108 713 ὲ

1252 750 1416 784 causato
1460 748 1522 784 nel
1566 747 1745 784 discorso
1795 746 1885 784 dall’
1902 758 2039 784 essere
2083 757 2108 783 o

1251 819 1315 856 dal
1344 829 1422 856 non
1453 829 1590 856 essere
1620 818 1724 855 della
1753 829 1861 861 cosa,
1892 829 2003 855 come
2021 818 2110 856 c’in-

1251 895 1377 932 segna
1424 885 1462 921 la
1503 884 1675 922 dottrina
1717 883 1779 920 dei
1823 883 2108 920 Predicamenti

1252 949 1516 998 (Categorie).
1545 949 1584 986 In
1614 949 1731 986 modo
1760 949 1983 986 esauriente
2017 948 2111 986 dun-

1251 1016 1446 1063 quecogli
1463 1015 1679 1062 argomenti
1699 1014 1883 1057 suddetti,
1895 1013 2108 1051 riducendo

1252 1081 1302 1118 ad
1331 1081 1644 1123 inconveniente,
1665 1082 1688 1118 e
1717 1083 1823 1117 stato
1854 1082 2021 1126 provato
2037 1079 2108 1116 che

1253 1146 1276 1183 1’
1293 1146 1462 1184 autorita
1491 1145 1738 1192 dell’lmpero
1768 1156 1844 1182 non
1867 1135 2035 1190 dipende
2051 1143 2109 1181 af-

1252 1211 1354 1250 13110
1383 1212 1487 1248 (13113
1517 1210 1676 1248 Chiesa.

1300 1355 1372 1392 le
1402 1354 1501 1401 (xv).
1531 1353 1716 1391 Sebbene
1763 1354 1826 1389 nel
1870 1351 2108 1398 precedente
2136 1337 2141 1341 ⁷

1253 1426 1437 1471 capitolo,
1467 1424 1681 1462 riducendo
1711 1424 1760 1460 ad
1795 1423 2108 1465 inconveniente,

1251 1497 1346 1535 siasi
1375 1497 1606 1534 dimostrato
1650 1496 1720 1532 che
1770 1494 1980 1532 l'autorita
2027 1493 2108 1531 del-

1253 1569 1427 1615 l‘Impero
1457 1579 1534 1605 non
1564 1567 1700 1604 deriva
1742 1565 2006 1622 dall'autprita
2044 1565 2108 1602 del

1252 1651 1402 1678 sommo
1432 1638 1648 1681 Pontefice,
1678 1638 1845 1675 tuttavia
1886 1648 1964 1674 non
2008 1637 2041 1674 si
2085 1638 2108 1674 ὲ

1252 1711 1484 1748 dimostrato
1513 1698 1669 1747 ch’esso
1717 1708 1884 1755 dipende
1915 1708 2108 1745 immedia-

1251 1785 1424 1819 tamente
1453 1782 1504 1819 da
1533 1781 1621 1824 Dio,
1661 1792 1707 1818 se
1744 1791 1822 1818 non
1866 1791 1936 1826 per
1978 1779 2109 1827 logica

1252 1864 1542 1901 conseguenza;
1559 1855 1581 1890 e
1593 1853 1630 1889 di
1641 1849 1728 1889 fatti
1740 1854 2010 1899 conseguente
2023 1851 2108 1894 che,

1253 1936 1298 1962 se
1326 1935 1404 1962 non
1434 1924 1602 1971 dipende
1633 1924 1738 1960 dallo
1775 1926 1909 1960 stesso
1951 1922 2109 1959 Vicario
2139 1955 2141 1957 .

1254 1997 1291 2033 di
1322 1997 1411 2039 Dio,
1441 1995 1610 2041 dipenda
1652 1994 1702 2030 da
1750 1994 1838 2030 Dio.
1882 1993 2020 2030 percio
2059 1992 2108 2030 ad

392 2223 394 2227 ’
416 2205 683 2244 contrarietas
706 2207 814 2244 em'm
838 2207 879 2244 ῘΠ
906 2200 1154 2253 ορίηίοηε..”..
1181 2209 1238 2242 Un
1267 2210 1431 2242 discorso
1457 2219 1485 2242 o·
1506 2209 1775 2241 un'asserzioue
1800 2209 1820 2239 6
1838 2207 1934 2239 falsa
1959 2207 2106 2248 quando

325 2277 398 2306 non
422 2267 536 2301 esista.
561 2269 598 2300 la
622 2279 706 2301 cosa
742 2269 808 2301 ohe
843 2271 1088 2310 supponevasi
1127 2269 1314 2312 asistente,
1355 2278 1455 2301 001116
1497 2270 1527 2300 81
1566 2269 1745 2300 dimostra
1784 2267 1878 2299 nelle
1915 2266 2108 2306 Cata-gorio

1779 2317 1792 2330 Ο

323 2325 560 2359 &Aristotele
585 2326 672 2370 (W).

418 2398 494 2437 XV!
520 2395 621 2440 (xv).
646 2398 714 2430 Nel
740 2398 896 2430 secondo
921 2398 1017 2430 libro
1035 2399 1081 2432 D.
1109 2399 1157 2431 ha
1181 2399 1343 2440 risposto
1368 2399 1404 2431 ai
1430 2398 1642 2431 cavillatori
1668 2398 1736 2431 ohe
1762 2399 2007 2430 sosteuevano
2027 2396 2109 2442 ((111

322 2454 487 2488 Romana
511 2459 666 2497 potenza
690 2466 761 2489 non
779 2466 844 2498 per
869 2457 1033 2500 ragione,
1062 2459 1107 2490 ne
1131 2468 1197 2499 per
1222 2458 1370 2490 decreto
1409 2458 1447 2490 di
1487 2459 1667 2490 convento
1704 2456 1874 2498 generale
1912 2454 2006 2498 (0106
2045 2463 2109 2495 per

323 2523 499 2547 consenso
524 2515 562 2547 di
588 2516 681 2548 tutti
706 2508 762 2557 gli
788 2516 927 2548 uomini
954 2517 1109 2549 adunati
1134 2527 1156 2548 a
1181 2516 1379 2559 oonsiglio)
1415 2526 1513 2548 esser
1551 2518 1649 2549 stata
1685 2516 1906 2556 acquietum,
1947 2524 2005 2546 nia
2042 2523 2108 2554 per

323 2571 424 2606 forae..
448 2574 515 2606 ohe
532 2573 608 2606 alla.
632 2575 782 2627 ragione
807 2585 897 2616 pare
912 2585 1031 2607 essere
1045 2576 1266 2611 contraria»
1292 2577 1422 2616 (Conv.
1437 2576 1500 2617 IV,
1526 2575 1586 2618 4);
1612 2576 1674 2616 qui
1699 2575 1917 2606 dimostrerii
1930 2573 1996 2605 ohe
2013 2572 2109 2604 I’Im-

322 2634 502 2672 peratore,
527 2635 828 2673 rappresentante
854 2634 1009 2667 insieme
1034 2635 1092 2667 ool
1116 2635 1252 2676 popolo
1294 2644 1443 2667 romano
1481 2638 1610 2675 questa-
1649 2644 1785 2666 somma
1822 2636 1990 2674 potenza,

325 2690 482 2732 dipende
509 2700 546 2723 se
574 2700 645 2723 non
670 2691 718 2724 da
744 2693 830 2726 Dio.

2035 2641 2080 2663 110
2084 2642 2107 2663 u
