2248 3372
772 102 794 121 χχ

567 211 637 220 *xlx

255 297 496 334 Monarchae
526 297 688 333 maxime
717 297 909 333 hominum
929 298 1040 333 recta
1054 296 1106 332 di-

253 357 371 393 lectio
400 357 531 393 inesse
560 356 716 399 debeat,
746 358 856 402 patet
875 356 954 392 sic:
978 354 1104 392 Omne

254 416 439 462 diligibile
469 417 579 452 tanto
609 416 733 462 magis
761 415 942 462 diligitur,
959 416 1109 460 quanto

255 469 507 514 propinquius
531 470 592 505 est
615 468 801 515 diligenti3
831 468 902 505 sed
930 468 1106 504 homines

254 522 506 568 propinquius
548 522 787 558 Monarchae
839 524 941 564 sunt,
992 531 1105 566 quam

255 581 341 618 aliis
371 581 627 626 principibus:
658 591 755 628 ergo
785 581 833 617 ab
863 591 913 617 eo
943 580 1104 620 maxime

254 634 476 681 diliguntur,
506 635 567 670 vel
585 634 689 681 diligi
711 634 867 670 debent.
889 633 1016 670 Prima
1031 643 1107 668 ma-

254 693 398 730 nifesta
428 696 501 738 est,
531 694 563 730 si
600 695 739 730 natura
778 694 1020 739 passivorum
1066 690 1106 728 et

255 753 468 789 activorum
498 752 788 795 consideretur3
835 752 1008 789 secunda
1036 761 1106 797 per

254 806 327 842 hoc
384 808 558 851 apparet,
606 807 695 851 quia
741 806 974 851 principibus
1021 805 1107 841 aliis

254 865 430 901 homines
471 875 548 901 non
576 865 901 910 »appropinquant
946 865 1017 902 nisi
1069 865 1105 901 in

255 926 393 970 parte;
440 924 655 960 Monarche
683 935 781 960 vero
819 924 1030 960 secundum
1050 926 1106 960 to-

255 980 346 1013 tum.
378 977 426 1012 Et
446 987 604 1014 rursus:
638 975 841 1027 [homines]
873 978 1108 1023 principibus

256 1037 342 1072 aliis
371 1037 681 1082 appropinquant
710 1047 779 1082 per
799 1037 1052 1085 Morffircham
1068 1039 1108 1073 et

255 1100 331 1126 non
363 1100 384 1125 e
414 1100 634 1132 converso3
682 1092 722 1125 et
750 1090 805 1126 sic
834 1100 904 1135 per
933 1090 1039 1136 prius
1068 1093 1109 1126 et

255 1143 475 1184 immediate
504 1148 744 1185 Monarchae
782 1149 883 1185 inest
924 1159 1016 1186 cura
1059 1149 1107 1185 de

257 1202 459 1243 omnibus;
503 1202 588 1238 aliis
617 1204 746 1238 autem
775 1202 1010 1248 principibus
1039 1213 1109 1248 per

257 1260 523 1303 Monarcham,
553 1271 603 1296 eo
632 1260 735 1306 quod
765 1272 857 1297 cura
886 1261 1056 1307 ipsorum
1086 1272 1109 1298 a

257 1324 349 1349 cura
366 1314 430 1349 illa
446 1324 626 1359 suprema
647 1314 860 1350 descendit.
882 1314 1107 1356 Praeterea,

257 1375 404 1418 quanto
434 1383 554 1409 causa
596 1375 658 1409 est
699 1374 968 1415 universalior,
998 1376 1108 1411 tanto
1140 1381 1144 1431 l

258 1432 381 1477 magis
410 1432 528 1468 habet
556 1433 745 1468 rationem
775 1443 932 1475 causae,
953 1434 1042 1479 quia
1059 1434 1110 1469 in-

257 1538 410 1579 riorem,
442 1540 484 1574 ut
511 1541 622 1584 patet
650 1549 699 1575 ex
727 1539 773 1575 iis
802 1550 902 1585 quae
931 1541 992 1576 De
1010 1540 1110 1577 Cau-

259 1597 318 1633 sis
329 1607 342 1639 ,·
369 1599 409 1633 et
437 1600 583 1642 quanto
613 1598 736 1644 magis
764 1609 884 1635 causa
900 1600 962 1635 est
977 1610 1108 1645 causa,

258 1652 369 1686 tanto
399 1650 523 1697 magis
551 1650 735 1687 effectum
770 1651 904 1698 diligit,
925 1663 1038 1698 quum
1059 1652 1111 1688 di-

257 1704 374 1739 lectio
403 1705 492 1740 talis
520 1707 754 1750 assequatur
786 1715 942 1741 causam
964 1716 1033 1751 per
1052 1717 1109 1746 se,

260 1761 388 1806 Quum
418 1773 515 1809 ergo
558 1763 774 1799 Monarcha
818 1764 868 1800 sit
909 1765 1110 1801 universa-

258 1821 404 1857 lissima
433 1832 552 1857 causa
582 1822 681 1857 inter
719 1825 919 1865 mortates,
963 1826 1005 1860 ut
1045 1825 1111 1860 ho-

259 1880 510 1916 minesbene
539 1881 684 1922 vivant,
702 1881 790 1926 quia
825 1882 1017 1927 principes
1046 1883 1108 1918 alii
1134 1901 1137 1904 ⁴

258 1949 327 1984 per
357 1939 471 1980 illum,
502 1942 543 1975 ut
571 1939 711 1975 dictum
751 1942 823 1982 est,
862 1951 1109 1986 consequens

795 133 834 157 11.
859 129 1062 157 TRATTATO
1088 130 1219 155 DELLA
1244 130 1483 161 monuncuu

1232 293 1316 331 Che
1345 296 1408 332 nel
1425 296 1615 333 Monarca
1644 297 1676 333 ci
1705 297 1765 334 sia
1793 297 1817 334 il
1845 298 2028 336 massimo

1178 346 1321 384 affetto
1349 359 1419 394 per
1446 350 1500 397 gli
1530 350 1684 393 uomini,
1714 352 1798 388 cosi
1829 351 1862 388 si
1891 355 2027 396 prove:

1179 399 1284 447 Ogni
1313 412 1408 439 cosa
1437 403 1601 440 amabile
1630 405 1741 440 tanto
1774 404 1839 450 piu
1868 405 2028 447 siama,

1178 456 1323 499 quanto
1353 457 1375 492 ὲ
1404 456 1468 501 piu
1496 457 1623 493 vicina
1651 467 1675 493 8
1703 457 1762 494 chi
1809 467 1920 500 ama;
1967 459 2029 494 ma

1177 507 1229 553 gli
1260 509 1401 545 uomini
1431 511 1572 546 stanno
1601 510 1688 566 piu¹
1711 510 1824 551 vicini
1867 512 1903 547 al
1945 510 2030 547 Mo-

1177 576 1295 603 narca
1324 568 1394 604 che
1424 569 1501 615 agli
1540 569 1625 605 altri
1669 569 1854 616 principi;
1897 569 2028 616 percio

1178 629 1278 656 sono
1307 620 1357 657 da
1385 622 1435 658 lui
1465 621 1699 659 fortemente
1742 624 1857 662 amati
1900 634 1924 660 0
1967 622 2040 659 (18--

1177 683 1283 710 vono
1312 685 1425 712 esser
1453 676 1580 712 amati.
1611 675 1666 712 La
1694 676 1815 721 prima
1857 676 2030 723 proposi-

1178 733 1291 770 zione
1321 736 1344 770 e
1373 733 1592 777 manifesta,
1621 746 1666 771 se
1709 734 1950 773 considerasi
1992 735 2030 772 18

1178 788 1317 823 natura
1345 787 1406 824 dei
1436 789 1603 834 pazienti
1632 799 1655 824 e
1685 788 1788 835 degli
1818 789 1962 836 agenti3
1992 789 2030 825 la

1179 840 1352 877 seconda
1381 851 1527 887 appare
1557 840 1607 878 da
1635 844 1777 887 questo
1806 842 1877 878 che
1897 842 1949 888 gli
1965 851 2031 878 uo-

1179 894 1266 929 mini
1295 905 1372 930 non
1403 895 1434 931 si
1464 896 1677 931 accostano
1706 895 1783 942 agli
1813 895 1899 932 altri
1933 895 2030 941 prin.

1179 953 1252 999 cipi
1282 964 1326 990 se
1355 964 1431 990 non
1462 954 1498 990 in
1528 955 1651 999 parte,
1674 954 1717 990 ’al
1754 954 1946 991 Monarca
1974 955 2030 991 in-

1180 1017 1277 1043 vece
1307 1006 1343 1043 in
1373 1008 1487 1043 tutto.
1528 1007 1559 1043 E
1587 1006 1623 1043 di
1653 1008 1742 1052 piu:
1787 1007 1849 1044 Gli
1887 1007 2030 1044 uomini

1180 1061 1212 1096 si
1241 1062 1455 1097 accostano
1482 1060 1518 1096 ai
1548 1060 1706 1106 principi
1734 1070 1804 1106 per
1818 1071 1952 1103 mezzo
1964 1060 2030 1097 del

1181 1113 1371 1150 Monarca
1413 1124 1436 1150 e
1478 1124 1554 1150 non
1601 1114 1833 1163 viceversa3
1879 1124 1902 1150 e
1948 1114 2031 1150 cosi

1181 1173 1302 1218 prima
1330 1172 1379 1209 ed
1408 1172 1758 1209 immediatamente
1787 1173 1811 1209 il
1841 1173 2031 1209 Monarca

1181 1227 1230 1262 ha
1260 1237 1352 1262 cura
1381 1226 1417 1262 di
1447 1226 1560 1269 tutti;
1589 1226 1641 1273 gli
1671 1226 1758 1262 altri
1786 1226 1945 1272 principi
1966 1226 2030 1271 poi

1180 1280 1212 1316 si
1242 1279 1371 1316 danno
1400 1290 1492 1315 cura
1508 1290 1577 1324 per
1597 1290 1730 1315 mezzo
1746 1279 1807 1316 del
1829 1279 2031 1321 Monarca,

1180 1333 1324 1378 perche
1352 1333 1390 1368 la
1431 1343 1524 1368 cura
1570 1333 1655 1368 loro
1702 1332 1886 1369 discende
1928 1331 2032 1368 dalla

1181 1402 1274 1428 cura
1302 1392 1366 1437 piu
1396 1391 1487 1428 alta.
1517 1390 1658 1427 lnoltre
1687 1393 1832 1436 quanto
1861 1391 1926 1436 piu
1954 1399 2030 1427 una

323 1485 330 1491 ,
796 1486 802 1492 ,
1141 1463 1143 1481 1
1181 1455 1301 1481 causa
1329 1447 1352 1481 e
1381 1445 1614 1486 universale,
1630 1446 1740 1480 tanto
1760 1444 1824 1490 piu
1843 1444 1893 1480 ha
1921 1442 2031 1480 forza

258 1484 380 1521 ferior
408 1495 484 1521 non
515 1488 577 1521 est
605 1496 725 1523 eausa
767 1487 838 1522 nisi
882 1497 951 1532 per
997 1497 1110 1532 supe·
1141 1498 1143 1510 ·

1182 1504 1217 1540 di
1262 1514 1393 1546 causa,
1437 1504 1578 1549 perche
1621 1502 1845 1539 l'inferiore
1887 1513 1964 1539 non
2008 1504 2031 1538 e

1182 1568 1313 1598 causa,
1343 1567 1387 1594 se
1417 1567 1493 1593 non
1523 1567 1593 1602 per
1612 1558 1649 1592 18
1677 1556 1892 1601 superiore,
1920 1565 2030 1591 come

1182 1611 1214 1647 si
1242 1610 1344 1647 vede
1374 1609 1435 1646 dal
1466 1610 1563 1646 libro
1612 1608 1967 1656 «Dellecagioni»;
2009 1618 2032 1644 e

1182 1671 1328 1716 quanto
1358 1669 1421 1715 piu
1451 1679 1527 1705 una
1556 1678 1676 1705 causa
1704 1670 1727 1704 e
1765 1678 1885 1704 causa
1922 1668 2032 1703 tanto

1182 1723 1246 1768 piu
1276 1733 1362 1759 ama
1390 1721 1572 1764 l’effetto‚
1602 1722 1745 1767 perche
1778 1721 1858 1757 tale
1900 1730 2032 1756 amore

1183 1777 1358 1821 acquista
1386 1786 1455 1821 per
1483 1777 1527 1812 se
1556 1785 1633 1811 una
1679 1784 1810 1811 causa.
1854 1772 2032 1810 Essendo

1183 1836 1205 1871 il
1236 1835 1427 1871 Monarca
1455 1835 1493 1870 la
1539 1844 1659 1870 causa
1701 1834 1764 1878 piu
1811 1831 2032 1869 universale

1182 1892 1242 1924 tra
1281 1889 1289 1924 i
1333 1887 1496 1929 mortali,
1540 1887 1602 1922 del
1645 1887 1730 1922 loro
1771 1885 1847 1921 ben
1883 1884 2031 1923 vivere,

1183 1942 1325 1987 perche
1354 1941 1407 1987 gli
1437 1940 1524 1976 altri
1554 1938 1711 1984 principi
1741 1938 1780 1974 10
1808 1947 1908 1974 80110
1944 1936 2032 1972 8010

2017 2112 2038 2127 ο*

354 2147 603 2186 monarchae
627 2149 798 2186 maxime
822 2149 1026 2187 bominum
1051 2151 1161 2188 recle
1186 2150 1362 2188 dilectio.
1386 2145 1525 2191 'Questo
1551 2161 1671 2183 amore
1696 2151 1755 2182 del
1781 2150 1946 2191 principe
1973 2158 2035 2190 per

259 2198 271 2229 i
298 2199 450 2238 sudditi,
476 2200 688 2231 costituisoe
714 2210 786 2230 uno
812 2201 870 2231 dei
897 2201 1077 2240 capisaldi
1103 2201 1202 2233 della
1227 2202 1344 2233 teor-ia
1372 2200 1558 2240 platonica
1583 2199 1626 2230 ed
1654 2199 1701 2229 ha
1728 2198 1754 2229 il
1789 2207 1856 2229 8110
1893 2205 2036 2237 rappre-

261 2249 428 2278 sentante
454 2247 492 2277 in
520 2247 604 2278 Ciro
643 2247 669 2278 il
697 2247 859 2287 vecchio,
886 2248 994 2288 quale
1019 2249 1053 2279 01
1080 2250 1186 2280 viene
1211 2249 1388 2294 descrit-to
1415 2248 1461 2278 da
1487 2246 1682 2278 Senofonte
1709 2244 1807 2276 118118
1836 2254 1902 2288 sua
1938 2245 2036 2276 Ciro-

261 2305 382 2345 pedia.

356 2373 498 2410 natura
521 2372 781 2418 passivorum
806 2373 848 2410 et
869 2373 1103 2411 achbor-um.
1133 2377 1209 2409 Cfr.
1238 2377 1290 2408 De
1316 2370 1414 2409 Mon.
1445 2377 1472 2414 Ι,
1514 2377 1570 2407 13.
1608 2375 1754 2415 Duplex
1789 2373 2036 2414 distinguitur

261 2425 426 2463 potentia
451 2433 524 2453 una
549 2424 669 2462 activa,
695 2433 788 2463 quae
813 2426 868 2455 est
894 2425 1117 2464 principium
1145 2424 1293 2465 agendi,
1322 2425 1347 2457 i.
1377 2434 1410 2455 8.
1437 2422 1707 2455 transmutandi
1733 2431 1755 2452 11,
1780 2421 1955 2452 Non-esse
1989 2419 2034 2451 ad

261 2470 395 2502 Esse...
421 2470 537 2501 altera
557 2471 706 2512 passiva,
731 2480 824 2511 qnae
850 2474 905 2502 est,
930 2472 1155 2512 principium
1182 2471 1384 2511 recipiendi
1414 2472 1436 2502 i.
1463 2480 1494 2501 8.
1523 2469 1747 2510 principium
1781 2478 1853 2508 quo
1894 2467 2035 2508 aliquid

260 2519 497 2549 transmutari
526 2518 656 2557 possit.
671 2518 784 2549 Pesch
811 2518 1012 2560 Tillmann,
1042 2519 1301 2550 Institutiones
1328 2517 1505 2558 logioales
1531 2517 1728 2549 secundum
1756 2515 1798 2549 T.
1818 2515 1948 2547 Thom.
1964 2514 2035 2545 112

262 2575 298 2605 p.
328 2563 446 2598 69-70.

356 2643 416 2681 De
442 2643 597 2681 causi&
627 2646 782 2690 L’opera
807 2650 994 2687 composta
1019 2647 1065 2678 da
1092 2657 1141 2678 1111
1167 2647 1286 2679 Ara-bo
1311 2647 1378 2688 che
1397 2647 1433 2678 la
1469 2646 1625 2677 desunse
1662 2645 1762 2677 dalla
1798 2644 2036 2676 Stoicheiosis

260 2695 467 2735 theologice
492 2694 688 2726 attribuite,
712 2694 886 2726 aProclo:
911 2694 951 2725 111
966 2695 1128 2726 tradutta
1155 2695 1191 2725 in
1220 2695 1335 2726 latino
1349 2694 1395 2726 da
1409 2693 1595 2725 Gherardo
1619 2693 1666 2724 da
1680 2693 1856 2724 Cremona
1880 2691 1938 2722 sul
1953 2691 2046 2722 finit*

262 2741 321 2773 del
347 2751 416 2773 880.
443 2741 514 2772 XII
539 2741 597 2773 col
623 2741 744 2775 titolo:
773 2742 881 2772 Liber
907 2742 951 2773 (18
977 2743 1112 2783 0811818,
1129 2742 1208 2773 sive
1233 2742 1278 2773 de
1291 2741 1452 2773 essentia
1466 2750 1579 2781 purae
1593 2739 1782 2772 bonitatis.
1806 2740 1851 2770 D.
1865 2738 2036 2770 lastadio

261 2789 299 2819 in
325 2791 453 2829 questa
478 2789 573 2820 trad.
601 2788 719 2820 Rocco
744 2789 895 2821 Muta-ri.
925 2789 956 2820 Il
982 2789 1035 2820 De
1061 2790 1183 2821 causis
1208 2792 1277 2822 etc.
1307 2788 1479 2829 Giorpale
1505 2787 1600 2821 Stor.
1629 2786 1786 2818 Lett.1t.
1815 2795 1850 2817 v.
1871 2785 2036 2823 XXXIV,

261 2845 298 2876 p.
329 2836 468 2869 98-117.
974 2831 979 2837 “

355 2914 526 2951 Dilecfl'o
551 2914 646 2951 salis
670 2914 921 2960 assequatur.
951 2918 981 2949 Il
1010 2918 1140 2950 Ficino
1166 2918 1316 2949 traduce
1342 2917 1581 2948 liberamente
1608 2926 1626 2946 «
1642 2914 1716 2947 tale
1741 2914 1921 2946 dilezione
1938 2913 2038 2945 dalla

260 2966 392 2996 namu-a
417 2965 515 2996 della
539 2966 690 3005 oagione
717 2965 874 3005 dipende
899 2976 934 3006 »,
964 2975 1022 2997 ma
1048 2975 1118 2996 non
1144 2966 1163 2995 e
1190 2967 1318 3005 questo
1345 2965 1373 2996 il
1400 2964 1613 3004 significato
1638 2961 1737 2993 (18118
1774 2962 1881 2993 frase.
1919 2960 2037 2993 Dante

261 3014 371 3043 inette
397 3012 434 3042 in
461 3012 642 3043 relazione
666 3013 705 3043 (11
731 3022 841 3043 causa
865 3013 908 3043 ed
934 3012 1064 3044 effetto
1090 3012 1237 3044 l'amore
1262 3012 1362 3052 degli
1389 3011 1530 3042 nomini
1555 3020 1575 3041 e
1616 3010 1653 3041 la
1692 3010 1874 3041 necessita
1911 3009 1949 3039 di
1989 3018 2036 3039 un

198 3061 206 3065 ⁴
261 3068 441 3100 inonarca,
469 3059 695 3090 affermando
720 3060 786 3090 che
813 3060 841 3091 il
867 3060 984 3099 primo
1010 3060 1162 3091 diventa
1186 3059 1233 3090 da
1258 3060 1296 3091 se
1321 3067 1432 3090 causa
1458 3057 1557 3089 della
1583 3056 1750 3088 secunda.
