2248 3372
417 866 614 914 LIBER
646 864 894 913 PRIMUS

278 1000 349 1037 De
379 998 676 1037 necessitate
711 996 1035 1034 monarchiae.

285 1090 312 1127 Ι.
344 1089 523 1127 Omnium
552 1088 756 1130 hominum,
786 1098 887 1133 quos
911 1086 961 1123 ad
981 1097 1085 1123 amo-

231 1165 313 1192 rem
331 1154 509 1191 veritatis
523 1155 663 1190 natura
677 1153 856 1198 superior
875 1152 1082 1198 impressit,

231 1219 306 1257 hoc
326 1219 487 1256 maxlme
516 1219 709 1255 interesse
738 1217 903 1260 videtur,
934 1219 975 1253 ut
994 1227 1084 1262 que-

204 1317 208 1326 ,
232 1284 474 1321 madmodum
490 1283 539 1320 de
555 1284 690 1320 labore
712 1283 956 1328 antiquorum
971 1282 1082 1319 ditati

231 1351 332 1391 sunt,
362 1349 415 1385 ita
444 1350 484 1385 et
512 1348 583 1394 ipsi
613 1348 783 1394 posteris
816 1348 1081 1394 prolaborent,

230 1415 423 1460 quatenus
443 1404 571 1451 abeis
600 1413 814 1459 posteritas
842 1413 987 1450 habeat
1005 1423 1083 1459 quo

231 1477 386 1516 ditetur.
424 1479 559 1526 Longe
597 1488 762 1524 namque
792 1478 841 1515 ab
875 1477 1009 1515 officio
1038 1488 1082 1514 se

231 1553 322 1581 esse
359 1554 436 1580 non
476 1543 638 1586 dubitet,
676 1543 739 1589 qui
770 1543 932 1588 publicis
969 1542 1084 1579 docu-

232 1609 371 1645 mentis
385 1608 564 1651 imbutus,
586 1608 635 1644 ad
650 1608 924 1654 rempublicam
941 1607 1083 1653 aliquid

233 1672 388 1716 adferre
405 1683 482 1709 non
498 1675 624 1710 curat:
646 1683 722 1710 non
743 1673 843 1709 enim
859 1675 922 1709 est
941 1673 1083 1720 lignum

233 1738 337 1784 quod
366 1749 482 1775 secus
518 1737 707 1775 decursus
745 1748 929 1783 aquarum
957 1737 1086 1774 fructi-

232 1802 326 1840 ficat
344 1803 381 1839 in
410 1805 586 1848 tempore
615 1813 700 1845 suo,
739 1803 810 1840 sed
839 1803 969 1848 potius
998 1814 1084 1849 per-

232 1868 380 1905 niciosa
409 1878 561 1915 vorago
582 1878 737 1914 semper
761 1868 1015 1915 ingurgitans,
1045 1871 1086 1905 et

232 1942 424 1978 nunquam
462 1933 699 1980 ingurgitata
736 1932 961 1970 refundens.
1000 1933 1084 1970 Hoc

231 1998 348 2046 igitur
388 2008 510 2044 saepe
557 2009 704 2035 mecum
751 1999 989 2046 recogitans,
1035 2009 1084 2036 ne

331 2240 361 2272 Ι.
395 2237 574 2282 publicis
597 2236 852 2274 documentis
877 2236 1066 2274 imbutus.

1817 0 1892 30 “l

1357 861 1560 908 LIBRO
1603 861 1814 908 PRIMO

1211 1085 1239 1122 1.
1279 1083 1445 1122 Sembra
1483 1085 1553 1121 che
1588 1087 1621 1120 a*
1639 1084 1728 1121 tutti
1766 1084 1819 1131 gli
1858 1084 2014 1126 uomini,

1157 1144 1219 1180 nei
1249 1144 1352 1190 quali
1377 1154 1454 1180 una
1482 1147 1623 1180 natura
1652 1144 1856 1189 superiore
1885 1144 1936 1180 ha
1964 1144 2016 1180 in-

1156 1202 1247 1240 tuso
1277 1202 1300 1239 l'
1313 1213 1446 1239 amore
1476 1202 1580 1239 della
1609 1203 1756 1244 veritas
1777 1203 1854 1239 stia
1882 1212 2017 1248 sopra-

1157 1263 1259 1298 tutto
1280 1272 1438 1298 acuore
1469 1260 1686 1298 affaticarsi
1715 1272 1785 1307 per
1813 1262 1823 1298 i
1853 1261 2015 1308 posteri,

1157 1314 1326 1352 aitinche
1346 1315 1474 1361 questi
1490 1315 1522 1352 si
1539 1315 1823 1352 arricchiscano
1843 1326 1914 1361 per
1929 1316 2015 1352 loro

1157 1385 1303 1416 mezzo,
1334 1385 1445 1411 corne
1475 1374 1554 1411 essi
1586 1374 1717 1411 hanno
1746 1373 1848 1411 fatto
1878 1377 2015 1411 tesoro

1157 1427 1259 1463 delle
1301 1426 1446 1464 fatiche
1489 1427 1594 1474 degli
1633 1428 1787 1464 antichi.
1830 1427 1916 1464 Stia
1945 1437 2016 1473 pur

1157 1488 1267 1522 certo
1296 1485 1459 1523 d’esser
1487 1487 1650 1522 lontano
1680 1486 1913 1523 dall’uificio
1942 1497 2015 1524 suo

1157 1539 1216 1575 chi
1245 1538 1392 1576 iornito
1421 1539 1458 1575 di
1488 1539 1660 1576 dottrina
1688 1540 1846 1585 politica
1875 1550 1952 1576 non
1983 1540 2015 1577 si
2056 1567 2059 1568 γ

1157 1608 1251 1634 cura
1279 1598 1315 1634 di
1346 1601 1557 1644 apportare
1590 1599 1753 1644 qualche
1784 1599 1908 1635 utilita
1937 1599 2016 1636 allo

1158 1649 1287 1693 Stato,
1331 1652 1561 1697 perciocehe
1600 1662 1676 1688 non
1716 1654 1738 1688 e
1782 1653 1900 1699 legno
1943 1653 2015 1689 che

1158 1710 1278 1757 lungo
1307 1710 1330 1746 il
1370 1721 1486 1747 corso
1525 1710 1628 1747 delle
1667 1721 1789 1757 acque
1827 1710 2016 1748 fruttitica

1159 1773 1182 1800 a
1211 1774 1284 1799 suo
1321 1765 1465 1809 tempo,
1509 1774 1571 1800 ma
1608 1764 1799 1809 piuttosto
1837 1764 2017 1801 dannosa

1121 1826 1123 1866 ξ
1158 1822 1349 1869 voragine
1379 1823 1449 1859 che
1479 1823 1670 1869 inghiotte
1700 1824 2015 1860 continuamente

1158 1891 1279 1917 senza
1321 1882 1394 1917 mai
1437 1881 1604 1918 rendere
1654 1882 1715 1918 cio
1754 1883 1824 1919 che
1867 1883 1917 1919 ha
1959 1883 2015 1919 in-

1158 1939 1353 1987 ghiottito.
1393 1940 1644 1986 Ripensando
1674 1941 1738 1987 piu
1767 1942 1875 1978 volte
1905 1952 2015 1978 meco

1159 2002 1291 2037 stesso
1334 2002 1474 2045 queste
1513 2010 1619 2045 cose,
1659 2011 1729 2045 per
1758 2011 1834 2037 non
1878 2011 2015 2037 essere

1103 2240 1182 2271 Nou
1209 2240 1317 2272 oredo
1342 2241 1408 2272 ohe
1447 2241 1566 2272 Dante
1592 2242 1623 2273 si
1652 2242 1827 2274 ritenesse
1854 2243 1926 2275 tale
1953 2253 2017 2284 per

233 2299 269 2332 le
293 2299 438 2331 cariohe
463 2301 649 2331 sostenute,
675 2299 748 2330 lino
773 2299 809 2330 al
839 2299 947 2338 13003
985 2309 1004 2329 e
1029 2308 1094 2338 per
1120 2299 1262 2339 parlare
1289 2300 1324 2330 ai
1347 2299 1510 2339 principi
1545 2300 1643 2332 della
1669 2304 1766 2332 terra

187 2381 190 2383 >
233 2359 307 2391 tari
331 2358 429 2390 della
465 2358 599 2390 Chiesa
624 2358 657 2389 oi
683 2357 814 2390 voleva
853 2358 919 2389 ben
961 2358 1054 2389 altra
1090 2358 1300 2398 esperienza
1333 2368 1351 2389 e
1389 2359 1575 2399 maggiore
1613 2361 1788 2391 natm-ita.
1829 2361 1895 2392 Nol
1927 2362 2016 2393 1300

1791 2312 1809 2333 e
1823 2302 1871 2333 -αἰ
1899 2302 2016 2343 digni-

234 2421 419 2449 rloonosoe
445 2417 511 2448 ohe
541 2428 559 2447 «
587 2417 613 2448 il
639 2426 744 2448 nomo
771 2415 837 2447 sno
862 2426 971 2448 anoor
998 2417 1110 2448 molto
1137 2427 1208 2448 non
1234 2427 1349 2449 suonam
1377 2429 1393 2449 ›>
1422 2416 1552 2460 (l‘urg.
1582 2418 1679 2457 XIV,
1707 2420 1778 2461 21).

328 2472 583 2510 documentis
606 2485 782 2507 conserva
799 2476 826 2506 il
854 2475 1066 2515 significato
1083 2475 1141 2506 del
1170 2476 1278 2507 verbo
1304 2477 1399 2508 ‹bos›
1425 2479 1470 2509 [la
1487 2479 1544 2509 oui
1574 2478 1720 2517 ‹le-rixam
1749 2479 2013 2519 insegnamenti

234 2535 456 2575 esperieuza.
496 2534 608 2566 Tutto
635 2534 661 2565 il
688 2534 849 2574 capitolo
876 2534 993 2574 primo
1019 2535 1037 2565 e
1077 2535 1323 2575 nu'esplioita
1359 2537 1632 2568 ‹liohiarazione
1670 2537 1736 2567 ohe
1764 2547 1833 2568 nou
1869 2539 2016 2570 tritt-tasi

234 2593 274 2625 di
301 2603 348 2624 un
375 2593 468 2624 libro
494 2592 528 2624 d’
542 2593 732 2624 occasione
757 2593 887 2624 scritto
914 2603 976 2633 per
1002 2593 1160 2624 tutelam
1198 2594 1252 2634 gli
1281 2595 1449 2627 interessi
1477 2596 1514 2626 di
1542 2605 1590 2626 un
1618 2596 1755 2635 part-ito
1781 2606 1801 2627 ο
1828 2606 1890 2635 por
1916 2597 2017 2628 affer-

236 2662 333 2684 mare
359 2652 395 2683 la
420 2652 641 2692 superiorita
666 2652 703 2683 «li
732 2662 779 2683 un
817 2654 942 2692 potere
968 2661 1010 2683 su
1037 2661 1084 2683 uu
1113 2651 1227 2686 alum:

1269 2654 1301 2684 :ml
1330 2654 1419 2685 bene
1446 2655 1543 2685 della
1569 2654 1702 2685 Chiesai
1728 2666 1746 2685 υ,
1773 2655 1858 2685 ‹lell’
1877 2656 2017 2695 [mpero

235 2720 324 2743 sono
348 2711 580 2751 egualmento
614 2710 741 2742 rivolti
767 2711 822 2749 gli
847 2711 949 2742 ooohi
978 2720 997 2741 e
1024 2711 1060 2742 la
1085 2714 1205 2743 mente
1231 2712 1328 2743 dello
1355 2714 1538 2746 scrittore.

329 2766 481 2812 lignum
508 2765 623 2812 quod
642 2776 767 2803 secus
791 2765 990 2803 decursus
1016 2776 1221 2813 aquarum.
1250 2770 1359 2802 sulm.
1387 2771 1403 2802 Ι
1430 2773 1463 2802 3.

325 2824 549 2867 fructificat
570 2825 610 2862 Ῐη
636 2825 815 2870 tempore
839 2833 930 2861 suo.
969 2838 986 2857 «
1006 2827 1066 2858 Ma
1092 2828 1150 2858 ‹lel
1178 2838 1244 2859 suo
1270 2839 1374 2860 nome
1402 2832 1497 2862 resta
1524 2830 1655 2860 alonna
1682 2839 1765 2879 ‘'⁰5³²“
1791 2831 1838 2862 <la
1864 2831 2016 2863 recitare

238 2893 258 2916 ο
283 2887 363 2926 pria
386 2887 444 2918 del
471 2897 536 2919 suo
563 2887 772 2928 significato
812 2886 838 2917 il
865 2886 972 2926 quale
999 2886 1095 2918 assui
1121 2896 1184 2926 per
1211 2896 1248 2918 se
1287 2888 1420 2919 nie-lesi
1438 2899 1486 2919 no
1512 2889 1541 2919 si
1570 2888 1772 2923 dimostra:
1806 2890 2017 2929 percimonia

239 2943 413 2976 oiasouna
434 2955 587 2986 persona
612 2946 648 2977 la
673 2946 780 2986 quale
806 2955 871 2977 oon
901 2945 1051 2976 liberale
1091 2945 1212 2976 ani-mo
1238 2945 1333 2977 doun·
1359 2946 1393 2977 di
1423 2947 1543 2987 quelle
1574 2957 1655 2978 cose
1682 2947 1714 2978 le
1741 2948 1841 2988 quali
1868 2950 1942 2989 egli
1972 2950 2018 2981 ha

239 3002 277 3034 di
303 3004 426 3043 grazia
451 3000 613 3036 rioevute
639 3005 686 3036 da.
712 3005 792 3039 Dio,
831 3005 933 3035 suole
959 3014 1076 3035 essere
1104 3004 1356 3036 meritamente
1383 3005 1569 3046 appellato
1595 3002 1723 3040 Dflnfe
1745 3017 1776 3038 ι).
1806 3007 2015 3050 Bonam-oio,

240 3061 355 3093 Cenni
380 3072 421 3093 su
450 3063 494 3094 l).
525 3063 590 3095 nal
618 3064 830 3095 Connnento
847 3063 879 3101 Κ1.
911 3065 959 3094 1²¹.
