2248 3372
33 346 37 356 '
62 337 127 367 ’ἒ
175 360 178 362 -
221 345 294 383 per
319 336 571 383 praeceptum
600 335 883 382 *prohibitivum
921 343 1079 380 expres-

218 391 319 432 sum,
348 390 392 427 ut
418 389 606 426 habemus
635 399 706 435 per
720 387 976 430 Matthaeum,
1001 387 1076 424 sic:

196 466 211 469 „
230 441 395 481 «Nolite
424 441 631 488 possidere
660 451 807 484 aurum,
850 451 978 487 neque
1021 451 1079 478 ar-

222 491 395 544 gentum,
425 505 553 541 neque
582 494 787 540 pecuniarii
807 494 844 530 in
874 494 985 530 zonis
1013 504 1079 531 ve-

221 548 328 592 stris,
356 558 434 586 non
463 557 596 596 peram
611 547 648 584 in
663 547 728 584 via
742 562 779 590 »,
796 548 871 584 etc.
886 546 985 584 Nam
1002 545 1077 584 etsi

222 610 295 652 per
307 601 449 639 Lucam
464 601 652 638 habemus
667 600 948 639 relaxationem
964 610 1077 646 prae-

83 680 109 696 ..
221 655 338 702 cepti,
367 656 552 701 quantum
581 653 631 691 ad
664 653 882 700 quaedam
911 653 961 690 ad
990 663 1078 699 pos-

54 702 63 712 '
95 711 105 720 ⁸
170 723 174 726 ·
203 708 442 749 ssessionem
470 708 600 744 tamen
617 707 701 744 auri
717 709 759 744 et
777 706 942 754 argenti,
964 707 1078 743 licen-

37 755 118 812 ’ζ’
221 761 355 799 tiatam
389 760 604 798 Ecclesiam
646 763 738 806 post
778 759 1076 806 prohibitionem

93 895 137 920 Η,
223 867 402 905 Ecclesia
429 867 606 913 recipere
647 877 725 904 non
769 867 938 913 poterat,
982 866 1076 903 dato

46 944 63 963 ι,
90 951 98 958 .
129 924 131 934 ⁴
163 928 165 930 ·
221 920 327 967 quod
355 919 642 957 Constantinus
656 921 731 957 hoc
767 919 902 957 facere
932 921 1078 966 potuis-

115 983 122 991 ’
221 975 285 1011 set
310 973 362 1011 de
391 984 448 1016 se,
479 973 583 1010 actio
614 976 742 1010 tamen
774 973 839 1010 illa
869 983 946 1010 non
991 975 1078 1010 erat

222 1027 434 1076 sossibssis,
464 1028 625 1072 propter
654 1027 838 1072 patientis
874 1027 1078 1073 indisposi-

221 1080 380 1118 tionem.
396 1079 513 1117 Patet
541 1080 668 1127 igitur,
688 1080 794 1126 quod
810 1091 882 1118 nec
899 1080 1077 1117 Ecclesia

220 1133 397 1179 recipere
426 1143 498 1181 per
525 1133 679 1170 modum
708 1133 987 1179 possessionis,
1002 1143 1076 1170 nec

221 1186 287 1224 ille
316 1185 498 1224 conferre
527 1197 597 1237 per
626 1186 780 1223 modum
828 1187 1076 1224 alienationis

39 1282 58 1295 A„
217 1241 390 1287 poterat.
421 1239 584 1276 Poterat
612 1241 741 1276 tamen
783 1239 997 1286 Imperator
1038 1240 1075 1276 in

45 1298 98 1344 ’μζ-
172 1321 174 1323 -
222 1290 478 1339 patrocinium
507 1292 709 1330 Ecclesiae
738 1294 1007 1339 patrimonium
1036 1296 1077 1330 et

78 1362 85 1369 ·
223 1346 301 1386 alia
329 1345 532 1392 deputare,
562 1347 720 1383 immoto
767 1357 923 1393 semper
964 1357 1078 1392 supe-

221 1399 314 1437 riori
343 1399 527 1442 dominio‚
557 1400 666 1436 cuius
696 1400 825 1437 unitas
845 1399 1076 1437 divisionem

222 1462 301 1501 non
330 1453 487 1499 patitur.
517 1452 681 1490 Poterat
709 1455 750 1489 et
790 1454 959 1490 vicarius
1002 1453 1077 1490 Dei

222 1505 420 1552 recipere.
442 1516 520 1543 non
550 1507 744 1552 tamquam
760 1517 983 1552 possessor,
1005 1507 1076 1543 sed

223 1559 417 1605 tamquam
445 1558 637 1596 fructuum
667 1570 738 1605 pro
770 1560 958 1602 Ecclesia,
993 1570 1079 1606 pro-

223 1621 299 1658 que
329 1611 474 1649 Christi
521 1613 758 1659 pauperibus
778 1609 780 1611 ’
801 1613 1078 1659 dispensator;

223 1664 328 1710 quod
356 1664 574 1716 Apostolos
602 1665 749 1703 fecisse
762 1676 839 1703 non
865 1667 1077 1713 ignoratur.

127 1807 129 1809 ,
302 1771 347 1808 xl
377 1771 448 1818 (x).
493 1770 639 1822 Adhuc·
671 1772 813 1815 dicunt,
857 1772 962 1819 quod
1005 1773 1080 1810 Ha-

40 1823 95 1876 ,ζ
224 1823 384 1861 drianus
414 1824 523 1870 Papa
553 1823 738 1862 Carolum
776 1825 976 1873 Magnum,
1005 1827 1078 1864 sibi

51 1880 133 1908 ‘r
225 1878 285 1914 et¹
308 1877 512 1915 Ecclesiae
555 1877 766 1915 advocavit
807 1880 858 1916 ob
882 1875 885 1877 “
905 1880 1078 1917 iniuriam

4 1928 8 1931 ’
159 1923 165 1934 ’
224 1929 573 1978 Longobardorum
603 1933 780 1977 tempore
812 1931 1079 1970 Desideriire-

222 1983 284 2031 gis
313 1993 459 2037 sepum,
490 1987 531 2021 et
573 1984 678 2031 quod
722 1984 892 2023 Carolus
935 1987 984 2023 ab
1027 1997 1077 2024 eo

259 2233 262 2236 Α
318 2186 453 2225 Nolite
474 2187 716 2233 possidere..

1006 155 1137 199 unm
1170 169 1216 196 11.

221 814 324 852 illam
352 814 528 851 invenire
573 823 652 851 non
699 813 820 859 potui.
863 812 999 858 Quare
1042 814 1095 850 si'

725 2215 732 2223 .
761 2192 892 2225 Matth.
918 2192 989 2226 Ev.
1016 2193 1062 2231 X,
1088 2193 1123 2225 9.

317 2244 411 2284 Etsi
427 2256 504 2292 per
524 2247 672 2286 Lucam
696 2247 889 2286 habemus
912 2248 1210 2287 relaxationem.
1235 2252 1303 2284 Ev.
1331 2252 1395 2291 lx,
1422 2252 1442 2283 3
1468 2261 1487 2282 e
1513 2251 1557 2286 X.
1584 2251 1618 2284 4.

1151 336 1240 373 Non
1269 338 1399 372 tenete
1425 345 1505 376 oro,
1534 335 1585 372 ηὲ
1612 338 1778 382 argento
1815 335 1919 376 nelle
1947 345 2008 373 vo-

1150 392 1231 426 stre
1259 388 1420 435 etjnture,
1450 389 1500 425 ηὲ
1537 387 1716 425 bisace-ia
1738 399 1816 435 per
1855 389 1930 426 via.
1975 388 2007 425 E

1150 442 1326 479 sebbene
1355 441 1392 478 in
1422 441 1527 478 Luca
1556 442 1750 478 troviamo
1779 452 1857 478 una
1899 444 2008 479 certa

1150 496 1405 532 rilassatezza
1424 495 1460 531 al
1480 496 1658 540 precetto
1684 495 1849 541 rispetto
1874 495 1924 532 ad
1957 496 2010 532 al-

1151 548 1239 586 cuni
1280 548 1383 590 beni,
1413 557 1491 585 non
1521 548 1569 584 mi
1598 548 1714 585 riusci
1743 549 1818 585 mai
1860 549 1897 585 di
1927 550 2007 586 tro-

1150 612 1246 639 vare
1276 602 1347 639 che
1377 601 1483 647 dopo
1512 601 1642 647 quella
1685 602 1927 647 proibizione
1969 603 2007 639 la

1152 654 1300 692 Chiesa
1328 655 1388 691 sia
1418 657 1525 692 stata
1544 655 1787 692 autorizzata
1816 666 1839 692 a
1869 666 2007 701 posse-

1150 708 1245 745 dere
1275 709 1366 756 (o'ro
1395 707 1446 745 ed
1476 709 1673 755 argento).
1705 708 1843 745 Percio
1886 719 1931 745 se
1970 709 2008 745 la

1152 761 1300 799 Chiesa
1328 772 1406 799 non
1437 772 1506 798 era
1536 762 1572 798 in
1594 760 1718 808 grado
1749 762 1785 798 di
1815 762 2005 804 ricevere,

1150 816 1245 853 dato
1275 816 1346 852 che
1394 814 1632 852 Costantino
1658 815 1818 852 'avesse
1867 817 2006 861 potuto

1149 869 1229 906 far‘
1239 869 1300 906 cio
1321 868 1358 906 di
1373 879 1452 920 suq
1463 868 1635 910 arbitrio,
1653 869 1821 905 tuttavia
1836 869 1873 905 la
1889 869 2007 905 dona-

1136 923 1265 960 zione
1276 933 1354 959 non
1384 933 1453 959 era
1479 922 1682 968 possibile,
1699 922 1843 967 perche
1859 922 1883 958 il
1912 922 2006 958 rice-

1149 979 1268 1014 vente
1291 986 1368 1013 non
1397 986 1466 1012 era
1482 975 1677 1021 flisposto.
1699 974 1742 1011 E'
1768 975 1899 1012 chiaro
1915 974 2008 1011 dun·

1149 1041 1225 1076 que
1241 1030 1312 1067 che
1341 1031 1391 1066 ne
1420 1029 1458 1065 la
1487 1027 1635 1066 Chiesa
1663 1030 1810 1075 poteva
1829 1029 2005 1065 ricevere

1150 1084 1186 1120 in
1216 1093 1420 1129 possesso,
1450 1084 1500 1119 ne
1530 1082 1646 1128 quelli
1681 1083 1842 1128 poteva
1871 1092 2007 1118 conce-

1151 1137 1246 1173 dere
1276 1147 1348 1182 per
1376 1136 1633 1172 alienazione.
1662 1135 1908 1172 Nondimeno
1937 1145 2006 1189 po-

1139 1189 1281 1227 teval’
1298 1189 1533 1236 Imperatore
1549 1187 1716 1225 affidare
1733 1189 1768 1225 al
1789 1182 2006 1234 patrocinio

1149 1243 1253 1280 della
1283 1242 1430 1280 Chiesa
1459 1253 1508 1279 un
1539 1242 1771 1288 patrimonio
1800 1242 1849 1278 ed
1893 1242 2005 1284 altro,

1150 1296 1339 1334 restando
1368 1297 1578 1333 inalterato
1609 1296 1632 1332 il
1666 1295 1848 1338 dominio,
1880 1296 1917 1331 la
1946 1295 2006 1332 cui

1149 1350 1257 1388 unita
1285 1361 1362 1387 non
1393 1351 1582 1387 consente
1611 1348 1815 1386 divisione.
1832 1348 1919 1386 Alla
1935 1359 2007 1385 sua

1150 1405 1261 1442 volta
1291 1404 1315 1440 il
1346 1403 1504 1441 Vicario
1533 1403 1570 1439 di
1601 1402 1734 1439 Cristo
1773 1404 1920 1448 poteva
1961 1402 2007 1438 ri·

1151 1468 1307 1500 cevere,
1338 1467 1415 1493 non
1446 1467 1558 1493 come
1588 1467 1824 1502 possessore
1853 1466 1915 1491 ma
1940 1465 2006 1492 co-

1150 1521 1212 1547 me
1241 1510 1485 1571 dispensiere
1501 1510 1563 1546 dei
1583 1509 1691 1546 frutti
1708 1519 1778 1554 per
1806 1509 1843 1546 la
1859 1507 2006 1545 Chiesa

1151 1575 1173 1600 e
1204 1575 1274 1610 per
1302 1564 1312 1600 i
1342 1564 1478 1609 poveri
1499 1563 1536 1599 di
1558 1562 1704 1604 Cristo‚
1741 1573 1851 1599 come
1893 1562 1926 1598 si
1959 1572 2005 1598 sa

1152 1618 1222 1654 che
1251 1618 1382 1654 hanno
1410 1616 1512 1653 fatto
1541 1616 1592 1663 gli
1623 1615 1816 1661 Apostoli.

1205 1719 1249 1756 xl
1279 1719 1350 1765 (x).
1390 1717 1543 1754 Dicono
1582 1727 1678 1763 pure
1721 1717 1792 1753 che
1829 1716 1853 1752 il
1897 1715 2006 1762 Papa

1152 1772 1325 1809 Adriano
1355 1772 1496 1808 invoco
1527 1781 1596 1816 per
1615 1772 1660 1807 se
1677 1781 1699 1806 e
1716 1780 1786 1815 per
1801 1771 1838 1806 la
1859 1768 2006 1806 Chiesa

1153 1825 1274 1862 Carlo
1304 1825 1465 1872 Magno,
1495 1835 1565 1870 per
1594 1822 1766 1860 l’offesa
1803 1823 1865 1860 dei
1910 1823 2007 1859 Lon-

1153 1879 1317 1927 gobardi
1348 1879 1383 1915 al
1414 1881 1546 1924 tempo
1576 1877 1638 1913 del
1668 1887 1710 1913 re
1742 1876 1963 1918 Desiderio,
1985 1887 2007 1912 e

1153 1934 1223 1970 che
1254 1931 1376 1969 Carlo
1404 1932 1595 1968 ricevette
1625 1931 1675 1966 da
1705 1930 1755 1966 lui
1786 1931 1822 1966 la
1860 1929 2007 1977 dignita

1153 1985 1421 2031 dell'lmpero‚
1451 1986 1689 2021 nonostante
1724 1984 1795 2020 che
1838 1983 2006 2020 Michele

1900 2067 1914 2088 N

316 2313 393 2351 per
413 2305 574 2344 modum
596 2307 902 2352 possessionis.
938 2311 970 2342 11
996 2311 1108 2352 Solmi
1148 2314 1236 2343 nota
1274 2311 1341 2343 ohe
1366 2312 1403 2342 ai
1430 2309 1594 2342 vocaboli
1621 2310 1779 2349 possessio
1796 2318 1814 2340 e
1836 2318 2005 2350 possessor

220 2355 323 2388 usati
348 2355 395 2387 da.
419 2355 464 2388 D.
489 2366 552 2396 per
577 2356 611 2388 le
636 2357 830 2389 donazioni
856 2358 894 2389 di
920 2357 1140 2390 Costantino
1166 2368 1237 2390 uon
1265 2359 1297 2390 si
1323 2358 1414 2390 deve
1453 2358 1519 2389 dar
1556 2357 1681 2388 valore
1719 2356 1757 2387 di
1781 2355 1959 2397 propriam
1984 2365 2003 2387 e

218 2403 461 2445 proprietario.
490 2403 543 2435 La.
568 2403 702 2436 Chiesa
726 2405 746 2436 e
755 2394 1067 2445 semplioemente
1093 2406 1359 2446 dispensatrice
1384 2415 1403 2437 e
1420 2405 1450 2437 si
1467 2407 1573 2437 trova
1587 2405 1744 2445 rispetto
1761 2414 1782 2435 a
1806 2404 1892 2444 quei
1920 2403 2002 2434 beni

223 2449 324 2482 nella
347 2452 465 2482 stessa
489 2450 704 2483 condizione
728 2451 767 2483 di
793 2462 841 2484 un
867 2455 1054 2485 eseoutore
1079 2453 1368 2486 testamentario.

303 2497 372 2530 La
395 2497 560 2530 dotttina
584 2498 758 2531 dantesoa
781 2500 936 2540 procede
961 2500 1022 2533 dal
1048 2501 1216 2541 pensiero
1242 2501 1279 2532 di
1307 2500 1344 2534 S.
1375 2499 1584 2531 Bel-nardo·
1577 2525 1585 2533 .
1615 2499 1842 2530 patrimoni.»
1867 2506 2003 2537 paupe-

222 2553 303 2576 rum
328 2544 487 2578 facultas
514 2545 762 2578 Ecclesiarum
789 2546 904 2591 (suut)
931 2550 968 2579 et
995 2548 1176 2589 sacrilega
1189 2548 1243 2579 eis
1257 2547 1479 2580 erudelitate
1505 2546 1707 2586 surripitur
1724 2545 1904 2586 quidquid
1931 2544 2002 2575 sibi

161 2592 164 2598 '
187 2623 190 2626 .
222 2591 386 2624 ministri
411 2594 449 2624 et
474 2592 756 2639 dispensatores,
781 2604 854 2626 non
882 2595 1007 2636 utique
1036 2595 1175 2627 domini
1202 2597 1239 2627 et
1267 2595 1325 2627 vel
1353 2603 1591 2635 possessores,
1625 2593 1724 2625 ultra
1750 2593 1890 2624 vietum
1917 2592 2004 2623 reoi-

100 2643 173 2681 y.'‹-
225 2639 333 2680 piunt
358 2641 394 2671 et
419 2639 609 2671 vestitum.
630 2640 759 2681 Opera,
786 2642 914 2683 Parigi
942 2642 1045 2681 1640,
1071 2643 1143 2675 ool.
1173 2643 1262 2674 1001
1291 2642 1336 2674 D.
1362 2642 1438 2674 Cfr.
1468 2641 1643 2680 Quaestio
1670 2641 1714 2671 de
1740 2640 1921 2680 potestate
1947 2648 2004 2678 pa-

129 2684 134 2695 *
160 2695 163 2697 ’
224 2695 292 2728 pas
317 2685 410 2729 (Rex
426 2686 622 2729 pacificus)
647 2689 704 2720 ed.
732 2688 870 2729 Dupuy
895 2689 1000 2721 Paris
1028 2689 1131 2731 1655,
1158 2699 1196 2730 p.
1226 2689 1316 2723 675:
1345 2690 1494 2721 Certum
1521 2691 1577 2720 est
1602 2688 1699 2719 enim
1725 2687 1821 2727 quod
1847 2686 2003 2726 praelati

231 2838 292 2871 94-
294 2839 353 2871 96.

223 2742 298 2766 non
322 2735 409 2766 sunt
434 2734 574 2766 domini
601 2743 720 2766 rerum
746 2735 1081 2768 ecclesiasticarum
1107 2737 1170 2768 sed
1197 2736 1472 2777 dispensatores
1498 2738 1657 2767 tantum.

321 2792 374 2826 xl.
402 2791 473 2835 (x).
498 2789 732 2828 Hadrianus
755 2788 869 2837 Papa
896 2790 1085 2858 carolum
1110 2791 1334 2838 Maqnum..

1342 2816 1366 2828 ..
1395 2790 1663 2828 advocavit...
1691 2792 1767 2826 cfr.
1785 2792 1913 2824 Parad.
1939 2791 2003 2833 Vl,

700 2887 729 2918 Ε
755 2888 902 2928 quando
928 2888 955 2919 il
981 2888 1090 2920 dente
1116 2888 1345 2929 longobardo
1369 2897 1485 2919 morse

748 2935 802 2967 La
828 2934 942 2967 santa
966 2935 1111 2975 Chiesa,
1138 2938 1238 2967 sotto
1263 2935 1337 2968 alle
1364 2944 1428 2968 sne
1454 2934 1503 2966 ali

748 2982 857 3014 Carlo
883 2982 1029 3023 Magno,
1055 2982 1238 3015 vincendo
1264 2982 1302 3014 la
1327 2991 1502 3016 soooorse.

320 3057 404 3085 ηοη
429 3048 621 3088 obstante
645 3049 758 3095 quod
779 3048 961 3088 michael
981 3049 1218 3096 tmperabat.
1248 3052 1406 3084 Miehele
1434 3052 1450 3083 1
1478 3051 1827 3093 Rhangabo,s1glio
1864 3050 1923 3083 del
1950 3060 2008 3091 pa-

81 3070 92 3139 ἶ
227 3095 337 3129 trizio
360 3097 555 3138 Teofilato,
581 3099 656 3131 alla
681 3102 796 3132 morte
821 3100 860 3132 di
887 3100 1057 3132 Niceforo
1084 3100 1114 3142 Ι,
1144 3099 1184 3131 fu
1198 3100 1314 3133 eletto
1328 3100 1548 3140 imperatore
1573 3099 1611 3131 di
1638 3099 1787 3131 Oriente
1812 3097 2009 3140 (811-813),
