2248 3372
281 155 348 187 120
773 162 812 186 ιι,
837 161 1040 186 TRATTAro
1069 162 1198 186 omnm
1225 162 1464 187 monnicam

239 238 573 248 mmffvmxss
588 239 612 248 «c
627 239 725 249 *„†v*c
749 240 803 249 v-v

233 336 346 362 omne
366 325 471 371 quod
514 325 602 363 Deo
631 327 672 362 et
700 327 864 363 naturae
893 326 1083 371 displicet,

233 384 284 422 sit
312 386 463 426 malum,
503 387 544 420 ut
572 384 816 421 manifestum
850 387 914 421 est
940 384 989 421 de
1019 395 1085 426 se3

233 438 420 483 sequitur,
450 448 527 474 non
557 438 682 474 solum
711 438 849 474 melius
877 449 969 475 esse
999 437 1084 473 fieri

224 506 304 542 ,ρετ
332 507 446 533 unum
481 497 513 532 si
550 495 637 532 fieri
675 499 819 542 potest,
857 507 970 542 quam
998 491 1085 532 fieri
1124 495 1127 527 ἱ

232 560 303 595 ρετ
331 551 452 595 plura,
491 549 562 586 sed
591 549 676 586 fieri
697 560 768 595 per
796 561 909 586 unum
940 552 1002 586 est
1020 550 1087 586 bo·
1124 547 1126 592 ζ

1124 601 1126 635 ἐ
1161 603 1275 639 male.
1303 602 1443 640 lnoltre
1463 613 1540 639 una
1568 614 1664 640 cosa
1682 603 1804 640 dicesi
1833 603 2010 651 migliore

232 619 333 650 num,
381 619 450 654 per
496 609 607 654 plura
659 609 883 654 simpliciter
934 610 1084 645 malum.

234 661 448 698 Praeterea
467 672 533 698 res
561 661 699 698 dicitur
727 673 818 699 esse
852 663 988 698 melior
1017 673 1087 707 per

235 730 326 757 esse
347 721 598 766 propinquior
617 721 781 767 optimo;
803 725 843 757 et
857 721 948 758 finis
968 722 1086 758 habet

235 774 424 810 rationem
454 774 606 820 optimi:
645 774 717 811 sed
746 774 831 811 fieri
872 785 942 820 ρετ
970 785 1085 811 unum

234 836 297 870 est
325 833 577 879 propinquius
604 830 693 876 fini;
719 844 817 880 ergo
847 835 909 870 est
937 834 1085 870 melius.

236 886 286 922 Et
316 886 421 932 quod
462 887 514 923 sit
554 886 817 932 propinquius,
861 888 972 932 patet
1008 887 1084 923 sic:

232 943 294 981 Sit
330 944 420 982 finis
457 944 517 987 C;
546 945 632 982 fieri
672 956 741 991 per
774 956 889 982 unum
932 945 986 988 A;
1016 956 1086 991 per

232 998 344 1043 plura
372 997 407 1034 A
435 1000 476 1034 et
504 998 560 1042 B;
598 998 843 1035 manifestum
874 1003 947 1040 est,
981 997 1085 1044 quod

232 1057 387 1103 longior
428 1059 491 1094 est
532 1058 596 1094 via
639 1058 687 1094 ab
731 1057 764 1093 Α
802 1069 871 1103 ρετ
909 1057 942 1093 Β
970 1058 1006 1094 in
1037 1056 1083 1099 C,

233 1180 322 1206 num
369 1180 495 1216 genus
542 1173 675 1215 potest
720 1171 803 1217 regi
854 1180 925 1215 ρετ
971 1180 1084 1206 unum

236 1233 454 1268 supremum
506 1224 727 1269 principem,
779 1224 842 1269 qui
894 1226 956 1260 est
998 1223 1085 1259 Mo-

235 1282 391 1318 narcha.
439 1282 607 1328 Propter
652 1282 756 1328 quod
803 1282 1084 1318 advertendum

234 1351 331 1377 sane
383 1341 487 1386 quod
535 1353 651 1387 quum
698 1341 836 1378 dicitur
881 1342 1084 1377 humanum
1122 1372 1126 1376 .

233 1404 361 1440 genus
398 1396 532 1439 potest
559 1395 663 1442 regi,
687 1405 756 1440 per
798 1405 910 1430 unum
954 1405 1086 1440 supre-

234 1463 334 1490 mum
379 1454 599 1499 principem,
645 1465 722 1491 non
765 1454 820 1490 sic
867 1452 1084 1499 intelligen-

235 1582 418 1616 scumque
447 1572 637 1617 municipii
676 1572 725 1608 ab
755 1572 820 1607 illo
854 1582 932 1608 uno
960 1572 1086 1607 imme-

232 1630 338 1666 diate
386 1630 540 1676 prodire
589 1631 759 1676 possint3

234 1684 349 1730 leges
368 1684 619 1729 municipales
638 1684 872 1730 quandoque
902 1683 1087 1719 deficiant

236 1743 278 1778 et
314 1752 414 1787 opus
450 1743 622 1779 habeant
658 1737 860 1783 directivo,
901 1747 941 1778 ut
978 1745 1087 1787 patet

231 1861 427 1901 maehum,
458 1860 712 1906 epleieltet'am
741 1860 1086 1896 commendantem:

235 1918 391 1955 Habent
432 1929 596 1965 namque
638 1919 831 1961 nationes,
874 1929 1009 1964 regna,
1047 1922 1088 1954 et

235 1972 416 2009 civitates
454 1973 553 2008 inter
586 1983 631 2008 se
671 1972 946 2017 proprietates,
989 1982 1087 2016 quas
1125 2010 1129 2015 ,

806 1641 920 1676 quum
969 1630 1085 1665 etiam
1117 1655 1120 1656 γ

1123 344 1126 380 4
1159 326 1229 362 che
1258 336 1335 362 non
1366 327 1453 363 solo
1473 328 1496 363 ε
1526 327 1668 373 meglio
1696 327 1768 364 che
1797 338 1874 365 una
1900 337 2010 369 cosa.

1124 388 1129 426 ξ,
1158 389 1203 415 se
1251 381 1328 424 puo
1374 390 1487 417 esser
1537 379 1637 417 fatta
1689 380 1740 416 da
1792 390 1870 417 uno
1920 381 2010 419 solo

1164 438 1353 483 piuttosto
1396 439 1466 474 che
1509 438 1557 475 da
1601 439 1676 484 piu,
1719 439 1779 475 sia
1822 438 1924 476 fatta
1959 439 2011 493 da

1165 501 1241 527 uno
1283 492 1383 533 solo,
1427 502 1487 528 ma
1523 492 1596 528 che
1639 491 1662 528 l’
1678 502 1791 529 esser
1830 491 1931 529 fatta
1959 492 2011 529 da

1162 560 1239 585 uno
1282 551 1304 585 ε
1346 551 1459 593 bene,
1489 550 1539 586 da
1572 551 1636 596 piu
1665 552 1688 587 e
1715 551 2026 597 generalmente·

1159 672 1229 706 per
1271 672 1407 698 essere
1449 662 1512 708 ρίῐι
1555 662 1681 698 vicina
1708 661 1948 705 ‚ail’ottimm
1985 673 2008 699 e

1124 709 1126 732 ²
1161 721 1183 755 il
1206 719 1285 756 fine
1306 721 1355 756 da
1386 722 1422 756 la
1458 721 1599 757 misura
1632 720 2010 765 den‘ottimo;esser

1124 779 1126 782 ’
1158 772 1258 809 fatto
1301 774 1350 809 da
1395 785 1470 810 uno
1513 776 1535 810 ε
1573 774 1637 820 piu
1669 774 1796 811 vicino
1834 775 1869 811 al
1902 773 2010 817 fine;

1158 832 1313 878 dunque
1352 835 1374 870 'e
1412 833 1599 880 migliore.
1638 832 1723 869 Che
1753 833 1818 879 poi
1854 834 1913 870 sia
1945 833 2010 879 piu

1124 899 1126 921 ῑ
1160 891 1288 927 vicino
1318 892 1353 927 al
1374 891 1453 928 fine
1483 894 1564 928 cosi
1598 893 1629 929 si
1659 902 1803 937 prova:
1833 892 1892 928 sia
1921 890 1956 928 C
1984 892 2008 928 il

1124 947 1126 989 j
1160 943 1250 987 fine,
1291 944 1323 980 Α
1352 945 1375 980 il
1406 945 1579 981 divenire
1619 955 1688 990 per
1725 955 1859 982 mezzo
1891 945 1938 985 di
1958 956 2008 982 un
2061 952 2066 955 ’

1159 1005 1258 1045 solo,
1289 1004 1337 1040 ed
1368 1002 1401 1039 A
1425 1015 1447 1040 e
1478 1003 1510 1039 Β
1540 1004 1561 1039 il
1591 1004 1765 1040 divenire
1785 1013 1856 1049 per
1875 1014 2009 1041 meno

1124 1053 1126 1107 Ϊ
1158 1063 1195 1099 di
1225 1063 1301 1108 piu.
1340 1053 1372 1100 E
1400 1062 1532 1099 chiaro
1561 1063 1631 1099 che
1669 1063 1707 1099 la
1735 1062 1799 1099 via
1830 1063 1883 1099 da
1909 1061 1944 1099 A
1970 1063 2008 1099 in

231 1121 344 1156 quam
374 1110 423 1147 ab
452 1110 487 1147 A
514 1113 662 1147 tantum
691 1111 727 1146 in
759 1110 805 1146 C.
844 1110 925 1147 Sed
955 1110 1085 1147 huma·
1123 1111 1127 1123 ³

1161 1121 1195 1158 C
1225 1133 1295 1169 per
1323 1121 1356 1157 Β
1385 1124 1407 1158 e
1428 1121 1491 1167 piu
1520 1122 1639 1167 lunga
1666 1123 1738 1158 che
1757 1122 1808 1158 da
1835 1120 1870 1157 A
1896 1121 2010 1158 diret-

1158 1178 1329 1211 tamente
1373 1174 1408 1210 in
1443 1173 1490 1210 C.
1534 1173 1699 1211 L‘uman
1741 1184 1889 1221 genere
1931 1176 2009 1220 pub

1123 1267 1125 1282 3
1159 1244 1271 1271 esser
1300 1239 1403 1270 retto
1442 1233 1491 1270 da
1526 1244 1574 1270 un
1604 1234 1692 1270 solo
1729 1243 1879 1270 sommo
1907 1233 2008 1279 prin-

1159 1288 1257 1332 cipe,
1287 1287 1310 1322 il
1332 1287 1533 1323 Monarca.
1564 1285 1641 1330 Qui
1663 1288 1685 1322 ε
1705 1286 1755 1323 da
1778 1288 1917 1322 notare
1937 1286 2009 1323 che

1159 1339 1316 1385 quando
1346 1341 1377 1376 si
1407 1339 1491 1376 dice
1512 1341 1582 1376 che
1603 1338 1742 1375 l'uman
1762 1349 1911 1385 genere
1931 1340 2009 1384 pu'o

1163 1410 1275 1436 esser
1303 1402 1406 1434 retto
1436 1398 1486 1434 da
1515 1409 1563 1434 un
1597 1399 1685 1434 solo
1714 1407 1862 1434 sommo
1902 1397 2008 1434 Prin·

1123 1459 1126 1493 ζ
1159 1459 1257 1503 cipe,
1288 1469 1363 1494 non
1385 1458 1416 1494 si
1446 1458 1547 1493 deve
1572 1457 1774 1493 intendere
1803 1456 1874 1492 che
1903 1456 1913 1491 i
1943 1456 2007 1501 piu

233 1512 321 1548 dum
373 1515 447 1554 est,
495 1516 536 1548 ut
589 1513 741 1548 minima
793 1512 932 1549 iudicia
985 1513 1086 1548 cuiu-
1122 1552 1126 1557 .

1123 1578 1125 1584 ·
1160 1580 1414 1616 provengano
1426 1568 1534 1604 dalui
1546 1568 1633 1605 solo
1645 1567 2008 1609 immediatamente,

1159 1511 1294 1557 piccoli
1327 1511 1468 1557 giudizi
1507 1510 1543 1546 di
1581 1509 1765 1555 qualsiasi
1803 1509 2008 1555 municipio
2045 1532 2049 1536 -

1161 1629 1301 1674 perche
1329 1629 1452 1664 anche
1473 1628 1509 1663 1ε
1530 1627 1633 1674 legg}
1662 1627 1699 1662 di
1727 1637 1775 1662 un
1806 1625 2009 1671 municipio

1124 1677 1126 1679 ’
1160 1683 1323 1718 talvolta
1340 1692 1439 1717 sono
1459 1679 1655 1716 deficienti
1675 1680 1725 1715 ed
1741 1678 1865 1715 anor-a
1879 1679 2008 1715 hanno

1124 1743 1126 1746 ⁴
1158 1742 1326 1787 bisogno
1355 1740 1392 1775 di
1413 1750 1489 1775 una
1517 1738 1711 1779 direttiva‚
1740 1748 1852 1774 come
1880 1737 1912 1773 si
1941 1747 2008 1782 ap-

235 1810 305 1845 per
334 1800 608 1846 Philosoqhum
646 1802 682 1837 in
721 1803 855 1846 quinto
894 1803 949 1838 ad
976 1801 1088 1839 Nico·
1126 1838 1127 1841 ,

1161 1800 1306 1846 prende
1336 1800 1398 1834 dal
1433 1797 1610 1834 Filosofo
1648 1799 1710 1834 nel
1748 1797 1882 1842 quinto
1911 1796 2009 1833 libro

1161 1864 1183 1889 a
1213 1853 1435 1892 Nicomaco‚
1474 1851 1576 1887 dove
1621 1850 1712 1886 loda
1745 1849 2008 1895 repieieneia.

1125 1915 1128 1918 ⁴
1161 1911 1287 1947 Infatti
1339 1911 1374 1946 le
1414 1910 1578 1951 nazioni‚
1622 1910 1630 1944 i
1662 1909 1783 1955 regni,
1827 1908 1862 1943 le
1901 1907 2007 1948 citta,

1161 1972 1289 2006 hanno
1332 1974 1391 2005 tra
1434 1971 1518 2005 loro
1552 1968 1653 2004 delle
1697 1966 1894 2013 proprieta
1936 1966 2006 2002 che

324 2176 610 2222 EpieicheIam.
628 2179 750 2211 Ethio.
767 2179 846 2211 Nio.
862 2178 904 2215 V,
922 2178 962 2212 14
994 2181 1081 2215 (ant.
1097 2177 1257 2213 transm.
1284 2187 1298 2203 a
1313 2176 1361 2208 Eu
1378 2178 1434 2207 est
1460 2175 1548 2206 haec
1574 2176 1706 2205 natura
1719 2183 1812 2214 quai>
1829 2172 2006 2213 epiioheS,

229 2240 384 2271 directio
415 2238 510 2279 legis
535 2243 591 2270 est
610 2238 671 2269 ubi
687 2237 822 2279 deficit
848 2240 996 2278 propter
1023 2235 1242 2268 universale.
1268 2234 1366 2266 Haec
1394 2235 1490 2265 enim
1517 2243 1638 2272 eausa,
1655 2235 1693 2264 et
1710 2232 1790 2264 eius
1816 2231 1912 2272 quod
1934 2240 2005 2262 nou

229 2298 353 2330 omnia
378 2297 578 2329 seeundum
604 2297 720 2337 legem
758 2306 848 2332 esse,
886 2297 1055 2336 quoniam
1094 2296 1138 2326 de
1181 2294 1399 2334 quibusdam
1441 2292 1669 2332 impossibile
1709 2299 1841 2331 ponere
1877 2289 2008 2330 legem,

230 2367 340 2398 quare
365 2356 549 2389 sententia
574 2359 673 2387 caret
698 2367 733 2387 ι).
763 2355 830 2386 Pan
856 2355 982 2386 chiara
1008 2356 1026 2385 ὸ
1053 2354 1294 2394 l’explanatio
1320 2353 1354 2384 di
1385 2353 1420 2383 S.
1450 2351 1604 2382 Tomaso
1634 2363 1651 2378 «
1668 2350 1766 2381 Haeo
1790 2351 1848 2382 est
1872 2349 2007 2381 natura

231 2416 433 2459 eius-quod
458 2417 513 2447 est
537 2398 720 2455 ερίἰεὶιεειῃν
739 2418 779 2446 ut
805 2415 855 2446 sit
880 2414 1099 2445 direntivum
1121 2413 1226 2453 legis,
1255 2412 1317 2442 ubi
1342 2411 1403 2442 lex
1427 2410 1552 2442 deficit
1579 2410 1726 2448 propter
1742 2407 1904 2448 aliquem
1930 2415 2009 2451 pafr-

230 2475 423 2507 tioularem
448 2483 586 2506 casum.
611 2473 706 2512 Quia
729 2475 828 2505 euim
855 2473 914 2505 lex
938 2472 1064 2504 dotioit
1090 2472 1128 2502 in
1154 2470 1454 2510 particularibusj
1481 2469 1554 2516 istu·
1579 2470 1635 2500 est
1660 2476 1781 2507 eausa,
1810 2465 1908 2507 quod
1933 2474 2004 2498 non

229 2535 353 2567 omnia
378 2536 531 2574 possunt
557 2532 793 2564 determinari
819 2531 1020 2563 secundum
1045 2531 1176 2569 legem,
1201 2529 1287 2570 quia
1314 2528 1358 2560 de
1396 2526 1627 2568 quibusdam.
1664 2534 1758 2566 quam
1795 2532 1878 2556 raro
1915 2523 2011 2556 acci-⁸
2045 2571 2051 2573 Δ

231 2594 335 2631 dunt,
361 2592 590 2633 impossibile
614 2594 669 2623 est
693 2591 790 2631 quod
817 2591 876 2622 lex
901 2595 1070 2630 ponatur,
1095 2598 1138 2621 eo
1162 2587 1257 2629 qnod
1285 2596 1355 2619 non
1381 2590 1535 2626 possunt,
1550 2585 1673 2617 omnin
1690 2583 1783 2616 talia
1799 2583 1844 2616 ab
1862 2582 2009 2615 homine

230 2652 466 2693 provideri».
493 2651 532 2682 L'
546 2649 683 2691 episoma
709 2652 728 2680 ὸ
753 2650 900 2690 dunque
926 2649 974 2678 νῦ
998 2649 1054 2679 che
1079 2648 1242 2684 contione,
1268 2647 1325 2677 oio
1351 2647 1417 2677 ohe
1444 2647 1462 2675 e
1488 2646 1613 2686 giusto
1632 2644 1670 2674 in
1688 2643 1763 2674 ansi
1783 2641 2007 2692 pin-tiemari,

231 2721 291 2744 ma
315 2713 335 2743 e
361 2714 458 2743 stat-‚0
483 2720 625 2742 omosso
650 2708 748 2741 nella
775 2708 882 2749 lagga
907 2707 1051 2740 scritta.
