2248 3372
311 157 371 187 {2ss
691 141 699 146 N
794 142 850 186 ns
859 161 1061 185 ΤιῑΑΤτΑτυ
1086 158 1217 183 DELLA
1243 157 1483 183 Mos-..mcum

256 328 348 364 divo
397 326 576 373 Augusto
629 325 856 365 Monarcha,
914 325 1107 360 existente

256 386 485 422 Monarchia
515 384 702 430 perfecta,
733 384 910 419 mundum
941 382 1108 427 undique

875 241 881 244 Α
900 237 1064 246 rs*levsr‹
1079 236 1142 245 xf„s
1162 236 1186 245 ,⁴
1201 238 1215 245 a

1145 250 1151 306 l

1238 237 1261 245 ,κ
1271 241 1285 246 ν
1297 236 1372 245 ‘was
1379 236 1407 246 2(
1417 236 1443 246 ,π
1451 235 1633 246 ανΜ<

1147 316 1149 359 ἶ
1183 324 1289 357 sotto
1319 321 1351 356 il-
1382 321 1484 357 Divo
1514 320 1694 368 Augusto
1724 321 1927 363 Monarca‚
1956 331 2030 358 con

1148 370 1150 391 l

253 440 376 476 fuisse
397 440 579 484 quietum.
604 438 652 473 Et
670 437 774 482 quod
795 441 883 473 tunc
905 437 1108 472 humanum
1147 448 1151 478 ς

1149 491 1150 494 ’
1183 481 1204 516 il
1235 491 1383 527 genere
1413 491 1553 517 umano
1573 481 1631 517 sia
1651 482 1756 517 stato
1785 479 1900 516 felice
1929 480 2031 516 nella

1149 548 1151 555 ’
1183 534 1417 578 tranquillita
1433 533 1536 569 della
1552 544 1647 579 pace
1660 533 1893 575 universale,
1909 532 2033 569 l'atte-

256 510 383 546 genus
412 497 532 534 fuerit
557 497 650 533 felix
679 497 713 532 in
741 497 847 541 pacis
878 495 1110 532 universalis

257 558 547 603 tranquillitate.
587 558 658 592 hoc
698 556 998 601 historiographi
1035 567 1111 591 om·
1148 577 1151 619 ζ
1183 591 1297 623 stane
1326 587 1378 633 gli
1407 586 1634 633 Storiografi
1663 587 1762 628 tutti,
1797 585 2032 623 ¹‚attestano

258 628 340 654 nes,
380 618 451 652 hoc
484 622 627 661 poetae
667 615 847 665 illustres,
888 615 959 650 hoc
993 615 1109 650 etiam

259 677 385 712 scriba
429 674 734 711 mansuetudinis
782 672 925 709 Christi
974 675 1109 711 testari

257 736 551 782 dignatus-3813
582 738 621 770 Εἴ
650 734 815 777 denique
848 733 1002 774 paulu&
1034 736 1111 780 ple·
1149 745 1153 786 ζ
1182 746 1271 782 dine
1292 745 1328 782 di
1350 744 1494 787 Cristo,
1525 746 1574 782 ed
1595 745 1712 781 infine
1738 745 1862 782 Paolo
1881 745 2030 781 chiamo

1148 393 1149 409 ;
1183 385 1258 410 una
1284 374 1512 411 Monarchia
1541 374 1724 420 perfetta,
1754 374 1824 410 che
1845 373 1868 410 il
1889 374 2031 410 mondo

1182 428 1240 464 sia
1269 430 1374 463 stato
1395 428 1430 463 in
1460 428 1590 473 quiete
1620 427 1669 463 da
1695 417 1764 472 pe'r
1793 429 1906 463 tutto.
1946 425 2030 463 Che

1149 641 1151 659 ³
1182 640 1233 686 gli
1256 640 1390 676 illustri
1421 640 1547 684 poeti;
1577 651 1599 676 e
1619 642 1761 684 questo
1781 639 1812 675 si
1842 639 1972 686 degno
1992 638 2030 674 di

1150 726 1151 729 ,
1183 695 1373 729 attestare
1403 694 1450 728 lo·
1469 693 1649 729 scrittore
1683 692 1787 728 della
1814 694 2033 728 mansuetu-

257 794 467 830 nitudinem
489 794 676 838 temporis
695 796 837 829 statum
859 794 961 828 illum
982 795 1111 839 appel·
1149 806 1151 810 ⁴

257 854 353 889 lavit
399 852 674 888 felicissimum.
724 852 826 888 Vere
872 859 1023 897 tempus
1071 856 1110 888 et

255 914 486 958 temporalia
502 923 679 958 quaeque
702 914 816 958 plena
832 912 999 953 fuerunt,
1021 912 1110 957 quia

255 973 398 1008 nullum
429 976 588 1008 nostrae
632 971 829 1008 felicitatis
858 971 1108 1007 ministerium

256 1031 429 1067 ministro
468 1031 635 1066 vacavit.
680 1030 860 1074 Qualiter
897 1032 1026 1066 autem
1065 1041 1108 1067 se

257 1091 436 1126 habuerit
465 1087 582 1131 orbis,
613 1101 661 1126 ex
691 1100 767 1135 quo
798 1090 926 1126 tunica
956 1090 1030 1125 ista
1059 1091 1118 1134 in·-

253 1149 467 1189 consutilis,
508 1150 699 1194 cupiditas
737 1160 866 1195 ungue
901 1150 1108 1186 scissuram

254 1208 428 1252 primitus
445 1219 562 1253 passa
578 1212 650 1250 est,
674 1211 714 1244 et
735 1210 868 1255 legere
890 1198 1108 1254 possumus,

255 1270 296 1303 et
316 1268 458 1302 utinam
490 1278 565 1303 non
587 1268 734 1303 videre.
765 1267 802 1304 O
831 1278 958 1314 genus
983 1268 1110 1304 huma-

255 1337 354 1366 num,
393 1327 548 1371 quantis
586 1327 767 1372 procellis
806 1330 922 1372 atque
952 1328 1110 1363 iacturis

254 1386 485 1430 quantisque
503 1385 716 1432 naufragiis
732 1387 870 1433 agitari
887 1389 926 1422 te
942 1397 1107 1423 necesse

257 1447 331 1485 est,
379 1444 480 1485 dum,
515 1445 645 1481 bellua
692 1446 895 1481 multorum
943 1446 1109 1491 capitum

256 1502 411 1544 factum,
453 1504 488 1539 in
518 1504 675 1540 diversa
705 1505 871 1541 conaris.
909 1504 1110 1541 intellectu

257 1560 445 1603 aegrotas
466 1562 643 1602 utroque,
673 1558 847 1594 similiter
867 1563 907 1594 et
936 1557 1109 1595 affectu:

258 1615 490 1652 Rationibus
520 1616 854 1664 irrefragabilibus
874 1617 1109 1653 intellectum

254 1676 501 1720 superiorem
531 1687 606 1712 non
638 1687 777 1719 curas3
807 1687 877 1713 nec
908 1678 1110 1722 experien-

253 1735 331 1770 tiae
352 1735 459 1770 vultu
477 1734 711 1777 inferiorem,
738 1735 810 1772 sed
831 1747 903 1772 nec
925 1735 1109 1772 affectum

256 1793 460 1830 dulcedine
491 1794 645 1830 divinae
679 1795 886 1835 suasionis,
907 1806 1021 1840 quum
1043 1806 1111 1841 per

258 1853 389 1888 tubam
432 1852 567 1889 Sancti
611 1853 779 1898 Spiritus
821 1854 887 1890 tibi
930 1853 1109 1890 affletur:

265 1921 281 1937 (ιτ
304 1905 405 1946 Ecce
434 1917 547 1951 quam
581 1907 735 1948 bonum,
775 1913 815 1943 et
842 1918 955 1952 quam
985 1908 1113 1943 iocun-

260 1966 360 2006 dum,
390 1966 565 2002 habitare
592 1965 739 2002 fratres
769 1967 803 2002 in
834 1977 947 2002 unum
968 1982 1004 2001 >›.

1182 800 1312 844 quello
1342 803 1447 835 stato
1485 798 1709 835 felicissimo
1741 798 1935 844 pienezza
1968 798 2036 835 del

1182 857 1323 898 tempo.
1355 852 1386 887 E
1414 856 1640 888 veramente
1670 852 1692 887 il
1722 854 1854 897 tem'po
1879 862 1901 887 e
1930 853 2030 887 tutte

1183 906 1218 942 le
1238 916 1332 942 cose
1349 905 1551 950 temporali
1566 904 1708 941 furono
1739 905 1862 941 allora
1877 915 1901 940 a
1916 905 2032 949 pieno

1182 959 1372 999 ordinate,
1389 959 1531 1003 perche
1550 968 1695 994 nessun
1716 958 1913 994 ministero
1928 957 2032 994 della

1182 1014 1318 1048 nostra
1355 1010 1501 1047 felicita
1540 1011 1679 1047 rimase
1718 1011 1828 1055 privo
1854 1010 1917 1046 del
1957 1020 2031 1046 suo

1183 1065 1368 1101 ministro.
1391 1062 1515 1100 Come
1540 1064 1678 1099 invece
1708 1063 1800 1101 siasi
1830 1065 1988 1099 trovato
2007 1063 2032 1098 il

1182 1118 1326 1154 mondo
1347 1117 1396 1153 da
1416 1118 1486 1153 che
1507 1120 1649 1162 questa
1668 1116 1898 1153 inconsutile
1917 1118 2032 1152 veste

1183 1182 1252 1216 per
1271 1171 1323 1218 gli
1349 1171 1476 1217 artigli
1507 1170 1610 1206 della
1638 1169 1832 1216 cupidigia
1861 1167 2032 1206 sofferse

1182 1224 1492 1269 primieramente
1523 1234 1599 1259 uno
1630 1224 1804 1268 strappo,
1833 1222 2032 1268 possiamo

1183 1278 1361 1324 leggerlo
1378 1287 1413 1317 e,
1429 1279 1511 1312 cosi
1528 1277 1688 1313 volesse
1705 1277 1728 1311 il
1744 1276 1864 1312 cielo!
1882 1285 1958 1312 non
1970 1285 2034 1311 ve-

1181 1330 1305 1366 derlo.
1323 1328 1359 1366 O
1376 1329 1542 1366 schiatta
1558 1339 1697 1365 umana
1712 1329 1762 1379 da
1781 1331 1926 1374 quante
1946 1338 2034 1374 pro·

1148 1392 1150 1395 ⁴
1173 1384 1280 1419 celle
1292 1394 1314 1419 e
1326 1384 1524 1424 sventure,
1536 1382 1586 1418 da
1597 1381 1728 1427 quanti
1746 1381 1925 1428 naufragi
1936 1382 1959 1417 ὲ
1969 1391 2033 1416 ne-

1148 1458 1150 1463 »
1182 1436 1356 1473 cessario
1372 1436 1442 1471 che
1459 1438 1500 1471 tu
1515 1435 1574 1471 sia
1590 1435 1750 1481 agitata,
1767 1434 1913 1470 dacche
1932 1432 2032 1475 fatta

1181 1489 1309 1526 bestia
1325 1488 1427 1524 dalle
1444 1489 1562 1524 molte
1582 1489 1698 1529 teste,
1709 1487 1814 1523 tendi
1826 1487 1863 1523 in
1875 1485 2031 1523 diverse

1148 1544 1150 1579 Ξ
1183 1543 1294 1588 parti,
1324 1541 1487 1578 inferma
1516 1539 1756 1577 d'ambedue
1783 1539 2032 1586 gl’intelletti

1183 1607 1205 1631 e
1249 1593 1505 1631 nell'affetto.
1548 1593 1634 1630 Non
1677 1593 1757 1629 curi
1798 1591 2032 1633 l‘intelletto

1150 1671 1151 1674 =
1183 1648 1387 1693 superiore
1407 1658 1480 1684 con
1501 1646 1652 1694 ragioni
1667 1645 1938 1693 irrefragabili,
1953 1654 2031 1681 non

1182 1701 1261 1738 curi
1292 1700 1315 1737 1’
1327 1700 1510 1737 inferiore
1539 1699 1795 1745 coll’aspetto
1822 1697 2034 1743 dell’espe-

1183 1755 1328 1796 rienza,
1372 1756 1420 1790 ne
1454 1752 1636 1789 l’affetto
1665 1762 1738 1789 con
1781 1752 1819 1788 la
1846 1751 2033 1788 dolcezza

1183 1808 1287 1843 della
1317 1807 1446 1843 divina
1475 1805 1935 1851 persuasione.sebbene
1963 1813 2033 1849 per

1184 1861 1221 1896 la
1251 1861 1413 1905 tromba*
1429 1859 1534 1895 dello
1555 1858 1700 1904 Spirito
1719 1857 1846 1894 Santo
1865 1857 1892 1893 ti
1912 1857 2035 1893 risuoa

1151 1934 1152 1937 =
1185 1914 1275 1949 nino
1297 1914 1331 1949 le
1353 1913 1505 1958 parole:
1533 1925 1552 1945 «
1570 1911 1672 1947 Ecco
1692 1913 1838 1956 quanto
1858 1911 1880 1946 ὲ
1900 1909 2032 1946 buono

1186 1978 1207 2002 e
1237 1967 1354 2007 bello,
1384 1976 1408 2001 o
1437 1964 1592 2006 fratelli,
1627 1964 1776 2000 abitare
1806 1962 1986 1999 insieme!
2006 1975 2024 1993 »

347 2176 428 2212 hoc
452 2176 572 2213 etiam
597 2176 734 2214 scriba
760 2177 836 2213 etc.
866 2182 899 2211 s,
927 2180 1037 2219 Luca,
1065 2180 1134 2210 nv.
1167 2179 1213 2217 11,
1242 2181 1273 2210 1.

347 2256 500 2296 ΡᾶυΙυε
525 2261 611 2293 nell’
628 2261 790 2302 epistola
814 2262 851 2293 ai
877 2261 1013 2302 Galati,
1040 2261 1104 2303 IV,
1133 2262 1168 2294 4.
1198 2261 1246 2292 At
1272 2260 1335 2291 ubi
1363 2258 1467 2291 venit
1491 2258 1687 2298 plenitudo
1715 2257 1903 2297 temporie,
1932 2254 2034 2288 misit

255 2321 354 2351 Deus
381 2319 516 2351 Filium
544 2330 703 2354 sutum...
733 2320 909 2352 Pienezza
933 2320 972 2351 di
997 2322 1133 2361 tempo,
1163 2319 1295 2360 perche
1320 2319 1408 2359 ogni
1434 2327 1518 2349 cosa
1544 2317 1582 2348 tn
1610 2316 1798 2356 oompiuta
1822 2314 1979 2347 secondo
1996 2313 2032 2345 lo

254 2377 426 2419 profezie.

347 2458 457 2496 Ecce
482 2469 601 2503 quam
627 2459 776 2495 bonum
802 2465 872 2493 etc.
905 2461 1028 2493 Saluio
1054 2461 1227 2492 CXXXII
1254 2461 1314 2492 Ps.
1340 2459 1523 2491 cauticum
1550 2457 1741 2499 graduum.

348 2540 481 2579 bellua
507 2541 714 2579 multorum
740 2541 916 2585 capitum
937 2539 1147 2582 factum...
1173 2542 1248 2576 Cfr.
1279 2542 1390 2581 Purg.
1419 2540 1594 2579 XXXIII,
1629 2539 1794 2572 141-144.
