2248 3372
263 336 458 383 attingere
505 346 690 373 summum
739 333 1006 381 perfectionis.
1054 332 1115 368 De

263 389 478 426 intentione
507 388 581 426 Dei
605 392 668 425 est
709 390 751 425 ut
770 398 884 425 omne
913 387 1115 423 causatum

262 447 299 484 in
315 449 462 485 tantum
477 447 645 484 divinam
661 446 945 484 similitudinem
961 456 1116 491 reprae-

262 508 404 549 sentet,
433 507 470 543 in
489 508 672 553 quantum
702 506 858 553 propria
886 507 1025 542 natura
1053 515 1114 541 re-

261 560 391 606 cipere
434 561 577 605 potest.
621 559 787 606 Propter
829 558 934 606 quod
971 558 1117 595 dictum

261 621 339 656 est:
367 633 386 651 «
399 618 604 656 Faciamus
622 619 816 656 hominem
837 619 887 656 ad
906 619 1112 666 imaginem

259 678 302 715 et
319 677 603 715 similitudinem
623 680 797 715 nostram
813 694 849 714 >›.
881 677 999 724 Quod
1023 678 1114 715 licet

260 730 310 768 ad
338 731 543 778 imaginem
564 731 613 768 de
633 732 757 769 rebus
785 732 1034 769 inferioribus
1063 732 1112 769 ab

258 789 412 827 homine
426 789 500 827 dici
515 801 591 827 non
609 791 746 836 possit,
762 791 812 828 ad
827 791 1111 828 similitudinem

258 904 382 940 totum
411 903 633 940 universum
662 904 751 940 nihil
774 904 878 941 aliud
906 905 957 941 sit
997 915 1111 951 quam

257 956 464 1003 vestigium
502 956 695 1012 quoddam
729 957 884 995 divinae
912 958 1111 995 bonitatis.

230 1028 237 1068 l!
259 1014 365 1062 Ergo
390 1015 596 1052 humanum
634 1027 761 1063 genus
789 1017 891 1054 bene
920 1028 965 1054 se
993 1018 1112 1055 habet

180 1082 195 1097 v
238 1080 243 1108 ἰ
259 1076 301 1110 et
341 1074 498 1120 optime,
545 1075 701 1121 quando
748 1076 960 1114 secundum
1007 1077 1111 1123 quod

0 1131 15 1173 ‚s
242 1115 403 1178 ¹lpotest,
446 1133 534 1170 Deo
577 1134 823 1172 assimilatur.
866 1135 948 1173 Sed
984 1147 1111 1184 genus

251 1173 464 1230 ”humanum
526 1188 688 1224 maxime
745 1188 833 1226 Deo
876 1190 1111 1228 assimilatur

258 1244 415 1291 quando
445 1246 607 1283 maxime
637 1249 700 1284 est
731 1259 864 1292 unum;
893 1259 989 1286 vera
1009 1250 1109 1287 enim

228 1302 358 1345 ratio
387 1304 500 1341 unius
538 1305 574 1342 in
612 1306 700 1343 solo
738 1307 804 1344 illo
837 1310 919 1351 est;
949 1311 1110 1355 propter

2 1333 21 1347 ιὰ

222 1355 226 1397 ί
257 1355 362 1402 quod
400 1357 582 1404 scriptum
626 1362 708 1396 est:
759 1375 776 1393 «
813 1359 926 1404 Audi,
969 1361 1108 1407 lsrael;

0 1360 29 1511 D
232 1408 448 1472 KQminus
476 1411 587 1449 Deus
615 1414 705 1450 tuus
734 1424 833 1451 unus
869 1417 932 1452 est
960 1431 997 1451 ».
1026 1415 1108 1453 Sed

79 1514 82 1518 ¹
255 1469 347 1505 tunc
365 1480 493 1516 genus
511 1470 716 1509 humanum
733 1473 895 1511 maxime
911 1477 974 1511 est
994 1486 1107 1512 unum

0 1527 11 1596 ᾗ
254 1527 412 1574 quando
445 1531 570 1567 totum
603 1532 732 1568 unitur
773 1533 809 1569 in
858 1545 956 1572 uno:
1003 1535 1108 1581 quod

255 1597 348 1623 esse
362 1598 440 1624 non
457 1590 601 1634 potest,
614 1591 685 1627 nisi
696 1592 852 1637 quando
864 1594 927 1630 uni
948 1595 1107 1640 principi

232 1640 430 1688 „totaliter
444 1642 633 1685 subiacet,
650 1646 692 1680 ut
719 1644 769 1681 de
798 1656 843 1682 se
864 1650 984 1692 patet.
1002 1647 1107 1696 Ergo

163 1691 169 1722 ἵ
230 1692 462 1751 {humanum
491 1711 618 1748 genus
637 1703 704 1739 'uni
725 1704 883 1751 principi
900 1706 1108 1744 subiacens

255 1752 417 1789 maxime
442 1753 530 1791 Deo
549 1756 783 1794 assimilatur
803 1761 843 1795 et
871 1769 941 1805 per
973 1771 1109 1798 conse-

253 1820 389 1855 quens,
419 1813 580 1851 maxime
609 1817 672 1851 est
699 1817 910 1854 secundum
939 1818 1106 1856 divinam

0 1870 17 1991 ι
161 1861 167 1867 ’
255 1862 520 1914 intentionem,
550 1868 654 1913 quod
684 1871 746 1905 est
773 1870 874 1908 bene
890 1875 932 1908 et
960 1874 1106 1918 optimo

232 1932 299 1959 zse
328 1923 486 1968 habere,
516 1928 558 1962 ut
590 1927 626 1963 in
661 1928 847 1975 principio
875 1931 987 1969 huius
1007 1934 1107 1979 capi-

251 1975 318 2012 tuli
349 1978 550 2022 probatum
579 1983 653 2017 est.

1059 169 1189 193 PARTE
1215 169 1260 192 11.

1931 162 1998 195 105

231 204 254 213 x*

167 229 174 240 ⁷
252 241 1255 260 >ww

1190 343 1340 370 sommo
1369 333 1473 370 della
1511 333 1750 379 perfezione.
1789 333 1862 372 Sta
1892 334 2047 372 nell'in·

1189 386 1372 423 tenzione
1414 386 1452 423 di
1482 386 1558 424 Dio
1600 388 1672 424 che
1715 391 1816 425 tutto
1856 389 1879 424 il
1909 392 2057 436 creato>

1188 441 1432 485 rappresenti
1485 441 1522 477 la
1573 440 1704 478 divina
1755 442 1959 489 immagine
2006 443 2043 479 in

1188 495 1335 539 quanto
1365 494 1402 530 la
1431 494 1589 540 propria
1618 498 1757 532 natura
1787 497 1808 531 e
1829 506 1976 541 capace
2005 495 2043 532 di

1187 547 1392 589 riceverla,
1423 558 1445 584 e
1475 558 1545 594 per
1572 550 1714 594 questo
1744 550 1766 585 e
1795 551 1901 586 stato
1931 549 2043 586 detto

1195 614 1213 632 «
1231 599 1437 637 Facciamo
1467 599 1611 638 l’uomo
1641 602 1690 638 ad
1721 602 1927 649 immagine
1948 614 1970 639 e
1991 603 2042 639 si-

1187 653 1392 700 miglianza
1420 657 1608 691 nostra».
1639 654 1797 692 Benche
1823 655 1926 692 delle
1947 667 2042 693 cose

1186 706 1359 743 inferiori
1398 707 1589 744 all’uomo
1627 719 1704 745 non
1734 709 1766 745 si
1804 720 1926 755 possa
1959 710 2041 746 dire

1193 759 1271 796 «ad
1287 760 1541 808 immagine»,
1562 762 1729 798 tuttavia
1749 762 1785 798 di
1806 763 1989 800 ciascuna
2010 763 2041 800 si

258 845 387 880 tamen
416 843 466 881 de
494 844 666 890 qualibet
703 844 777 882 dici
815 847 959 891 potest,
997 856 1111 891 quum
1147 827 1149 867 ᾗ
1186 814 1263 858 puo
1284 813 1366 850 dire
1395 825 1447 851 «a
1462 815 1910 862 simiglianza»,perche
1939 820 2042 853 tutto

1186 866 1406 904 l‘universo
1448 878 1525 905 non
1569 870 1592 905 e
1635 869 1705 905 che
1749 880 1827 906 uno
1870 870 2041 916 vestigio

1186 919 1287 957 della
1332 921 1462 957 divina
1504 922 1637 958 bonta.
1682 922 1847 968 Dunque
1892 922 2040 960 l‘uman

1184 984 1332 1021 genere
1375 978 1438 1011 sta
1471 975 1586 1018 bene,
1629 977 1714 1012 anzi
1759 977 2040 1019 ottimamente,

1185 1027 1341 1073 quando
1361 1028 1393 1064 si
1414 1029 1641 1076 assomiglia
1656 1040 1679 1066 a
1700 1029 1788 1072 Dio,
1810 1041 1879 1076 per
1894 1034 2040 1076 quanto

1185 1082 1275 1126 puo.
1306 1081 1375 1118 Ma
1395 1081 1418 1117 il
1439 1092 1587 1128 genere
1609 1093 1749 1119 umano
1770 1082 2041 1130 s'assomiglia

1185 1144 1208 1170 a
1237 1133 1313 1171 Dio
1342 1134 1499 1180 quando
1538 1136 1852 1173 massimamente
1887 1139 1910 1174 e
1940 1148 2040 1180 uno;

1184 1188 1322 1233 poiche
1351 1188 1387 1224 in
1427 1188 1495 1225 Lui
1533 1189 1622 1226 solo
1659 1190 1833 1227 consiste
1877 1191 1915 1227 la
1943 1201 2040 1227 vera

1183 1243 1324 1277 natura
1352 1241 1442 1278 dell’
1458 1242 1579 1279 unita.
1610 1241 1794 1289 Appunto
1824 1244 1956 1290 percio
1978 1246 2040 1281 sta

1183 1295 1340 1331 scritto:
1378 1310 1396 1327 ‹<
1416 1294 1592 1338 Ascolta,
1613 1295 1785 1338 lsraello,
1816 1297 1839 1333 il
1869 1296 2039 1345 Signore

1184 1347 1260 1384 Dio
1289 1350 1358 1384 tuo
1379 1350 1401 1385 ὲ
1422 1359 1500 1385 uno
1520 1364 1557 1385 ».
1587 1349 1656 1386 Ma
1676 1350 1699 1386 il
1729 1361 1877 1398 genere
1898 1362 2040 1388 umano

1183 1401 1307 1438 allora
1345 1402 1658 1440 massimamente
1698 1405 1719 1440 e
1754 1414 1844 1447 uno,
1883 1404 2039 1450 quando

1183 1455 1205 1491 e
1234 1457 1336 1503 tutto
1380 1455 1488 1492 unito
1518 1456 1554 1492 in
1585 1467 1662 1493 uno
1705 1458 1806 1499 solo,
1845 1468 1867 1494 e
1897 1460 2039 1503 questo

1182 1518 1259 1544 non
1280 1510 1357 1554 puo
1387 1519 1524 1546 essere
1545 1506 1589 1546 se
1610 1520 1687 1546 non
1708 1510 1864 1556 quando
1888 1511 2040 1558 giaccia

1182 1562 1413 1598 totalmente
1461 1566 1568 1599 sotto
1616 1574 1665 1599 un
1710 1564 1798 1600 solo
1847 1563 2038 1610 Principe,

1181 1625 1292 1651 come
1322 1614 1359 1651 di
1380 1625 1450 1661 per
1470 1618 1515 1652 se
1537 1618 1558 1652 e
1588 1615 1810 1654 manifesto.
1840 1617 1864 1653 ll
1889 1629 2039 1665 genere

1182 1678 1323 1704 umano
1352 1670 1535 1714 pertanto
1564 1669 1720 1715 quando
1740 1671 1818 1707 stia
1846 1673 2037 1719 soggetto

1143 1747 1145 1757 .
1182 1721 1231 1757 ad
1261 1731 1309 1758 un
1340 1722 1428 1758 solo
1449 1722 1638 1768 Principe,
1660 1722 1922 1771 s’assomiglia
1942 1735 2040 1761 mas-

1143 1785 1144 1813 3
1181 1775 1409 1811 simamente
1430 1786 1453 1811 a
1474 1775 1562 1817 Dio,
1584 1787 1606 1812 e
1627 1787 1697 1822 per
1717 1787 1995 1824 conseguenza
2015 1780 2038 1815 e

1142 1832 1144 1862 ἐ
1181 1828 1493 1865 massimamente
1515 1829 1690 1867 secondo
1711 1831 1748 1867 la
1769 1830 1899 1867 divina
1919 1831 2039 1868 inten-

1180 1882 1305 1921 zione,
1327 1882 1413 1918 cioe
1429 1884 1492 1918 sta
1512 1883 1626 1925 bene,
1647 1884 1733 1920 anzi
1755 1884 2035 1927 ottimamente,

1180 1945 1290 1971 come
1311 1934 1353 1971 fu
1382 1940 1550 1981 provato
1580 1937 1642 1973 nel
1674 1938 1860 1983 principio
1890 1938 1927 1974 di
1948 1949 2038 1985 que-

1159 2026 1162 2029 ,
1179 1992 1243 2024 sto
1273 1987 1456 2034 capitolo.

370 2185 584 2225 Faciamus
607 2189 852 2229 hominem...
881 2196 1013 2236 Genesi
1040 2199 1069 2242 Ι,
1099 2199 1157 2234 26,

351 2267 568 2315 vestiylum
594 2273 846 2317 quoddam...

675 2346 746 2386 Qui
771 2350 930 2390 veggion
956 2350 980 2382 1⁷
994 2351 1068 2384 alne
1094 2356 1260 2387 creature
1288 2354 1310 2385 l'
1327 2362 1439 2389 orma

723 2407 817 2439 Dell’
830 2411 955 2442 eterno
982 2417 1118 2451 valore,

1152 2411 1181 2444 il
1208 2413 1316 2453 quale
1340 2415 1359 2445 ἐκ
1387 2415 1458 2446 fine

0 2477 7 2509 p
722 2466 766 2498 Al
800 2468 907 2508 quale
941 2470 959 2500 e
986 2469 1080 2502 farta
1114 2471 1151 2502 la.
1184 2475 1327 2504 tooeata
1363 2483 1503 2507 norma.

1386 2533 1467 2565 Par.
1494 2533 1522 2573 1,
1554 2532 1723 2567 106-108.

340 2598 457 2643 Αυᾶἶ,
472 2600 632 2639 lsrael...
653 2607 846 2642 Deuteron.
866 2597 926 2647 VL
946 2611 978 2648 4,
997 2611 1111 2644 citato
1130 2613 1244 2645 annno
1262 2614 1309 2646 da
1327 2618 1362 2647 S.
1380 2615 1535 2647 'rmum
1554 2616 1611 2646 nel
1637 2616 1684 2647 De
1705 2616 1883 2654 regimine
1902 2617 1951 2655 11,
1979 2618 2032 2650 16.

1096 2744 1109 2761 Χ
