2248 3372
253 139 322 183 134
748 146 790 179 11.
813 152 1016 179 TRATTATO
1040 144 1171 178 natm
1197 145 1434 179 »commun

205 321 423 368 genitorum
445 331 613 362 suorum,
635 322 752 365 atque
773 329 947 361 uxorum,
968 329 1060 365 quo-

206 385 287 411 rum
309 376 558 420 utrorumque
588 374 772 410 nobilitas
796 372 1059 409 haereditario

207 434 288 470 iure
318 434 354 469 in
386 434 508 479 ipsum
538 432 736 475 confluxit,
771 432 967 478 explicare
996 442 1060 468 ne-

207 487 372 533 quirem:
417 486 487 523 sed
516 497 663 523 summa
705 496 848 532 sequar
890 485 1059 531 vestigia

207 550 346 577 rerum.
392 539 589 585 Quantum
633 550 730 587 ergo
773 539 822 576 ad
865 539 1058 584 proprlam

207 600 292 636 eius
320 599 573 642 nobilitatem,
603 598 820 636 audiendus
849 600 910 634 est
936 598 1060 634 Poeta

207 709 384 743 orantem
412 706 467 743 sic
481 716 489 742 :

219 787 221 823 ¹,
260 791 325 819 Rex
345 794 411 819 erat
430 791 553 819 Aeneas
574 791 677 823 nobis,
698 799 761 826 quo
782 791 895 818 iustior
913 791 991 818 alter

191 828 202 855 V.
219 831 221 845 ⁵
259 827 319 855 Nec
340 827 453 863 pietate
474 827 541 857 fuit,
564 835 619 854 nec
640 826 722 853 hello
743 826 841 854 maior
861 829 891 854 et
910 827 1015 855 armis.

207 901 434 938 Audiendus
454 903 516 938 est
536 901 636 937 idem
658 901 693 936 in
715 903 841 943 sexto,
863 901 926 946 qui
947 910 1060 946 quum

207 961 256 998 de
305 961 461 998 Miseno
509 962 661 997 mortuo
710 961 946 1005 loqueretur,
998 960 1060 1005 qui
1098 994 1099 997 ,

207 1019 337 1057 fuerat
379 1019 561 1056 Hectoris
597 1019 770 1055 minister
803 1020 839 1055 in
874 1019 990 1061 bello,
1022 1021 1062 1055 et
1098 1031 1099 1054 3

209 1082 299 1126 post
341 1081 502 1116 mortem
542 1078 735 1120 Hectoris,
770 1077 931 1114 Aeneae
962 1079 1063 1115 mini-

209 1142 329 1176 strum
353 1149 397 1175 se
413 1138 588 1180 dederat,
606 1137 696 1174 dicit
716 1138 838 1183 ipsum
868 1137 1061 1174 Misenum

216 1209 320 1235 «non
356 1197 540 1234 inferiora
573 1200 781 1234 secutum»
809 1197 1063 1242 comparatio·
1097 1231 1099 1251 2

210 1268 296 1294 nem
305 1256 455 1294 faciens
462 1256 510 1292 de
520 1255 656 1293 Aenea
667 1256 716 1292 ad
729 1256 936 1292 Hectorem
948 1267 1060 1301 quem

210 1375 332 1412 refert
378 1375 638 1420 Philosophus
680 1375 716 1410 in
759 1375 816 1416 iis,
864 1385 965 1420 quae
1012 1373 1058 1410 de

1095 246 1097 270 l

209 1734 251 1768 ut
292 1730 489 1768 Assaraco
532 1732 572 1766 et
614 1730 699 1766 aliis
749 1730 811 1775 qui
857 1729 1061 1776 Phrygiam
1097 1732 1099 1774 ξ

210 1792 486 1838 ‘efflaverunt’
530 1787 648 1825 Agiae
691 1789 912 1835 Γθὲῑοῃθῐῃῖ
960 1789 1060 1824 unde
1135 1803 1351 1847 dell’Asia;
1399 1813 1468 1848 per
1510 1802 1568 1838 cui
1612 1801 1636 1836 il
1680 1800 1804 1837 Poeta
1847 1802 1984 1835 nostro

212 1850 337 1887 Poeta
365 1851 501 1886 noster
530 1849 565 1884 in
596 1848 733 1885 tertio:

214 1937 379 1971 Postquam
402 1944 451 1962 res
465 1934 570 1963 Asiae.
594 1934 766 1969 Priamique
787 1937 923 1961 evertere
942 1936 1061 1967 gentem

212 1972 397 2000 Immeritam
418 1971 516 1998 visum
539 1970 678 2006 Superis.

1133 321 1218 357 suoi
1248 321 1487 368 progenitori
1517 331 1539 357 e
1565 320 1667 357 delle
1697 321 1826 367 mogli,
1855 321 1894 357 la
1921 321 1981 357 cui
2016 370 2019 372 ‚

1133 379 1281 416 nobilta
1309 379 1453 416 conflui
1475 380 1509 416 in
1541 380 1590 416 lui
1620 390 1690 425 per
1709 379 1841 416 diritto
1861 379 1983 417 eredi-

1133 439 1232 475 tario
1253 438 1289 474 d'
1299 439 1411 476 ambo
1441 439 1477 475 le
1493 439 1603 484 parti.
1621 439 1805 475 Tuttavia
1823 439 1982 485 seguiro
2040 467 2042 469 .

1134 508 1203 543 per
1231 498 1364 534 sommi
1395 498 1479 543 capi
1509 498 1545 533 la
1574 498 1708 534 storia.
1731 496 1890 542 Quanto
1906 497 1983 534 alla

1134 568 1206 593 sua
1234 557 1390 603 propria
1418 557 1577 599 nobilta‚
1607 557 1638 594 si
1668 556 1732 593 dia
1765 557 1917 593 ascolto
1947 557 1982 593 al

1097 641 1098 654 r
1134 619 1270 653 nostro
1309 616 1445 659 Poeta,
1474 616 1629 662 quando
1676 615 1878 652 introduce
1919 616 1982 652 nel

207 655 353 695 noster,
384 652 635 690 introducens
659 653 695 688 in
726 652 848 698 primo
877 651 1059 688 Ilioneum
1135 676 1255 722 primo
1285 678 1400 712 canto
1429 675 1573 712 moneo
1593 675 1663 712 Che
1693 677 1775 712 cosi
1805 676 1932 721 pana:

1170 755 1229 783 Era
1244 745 1350 783 nostro
1364 765 1396 784 re
1416 755 1510 787 Enea,
1530 756 1579 783 dol
1592 757 1683 792 quale
1700 756 1775 783 niun
1789 755 1869 783 altro
1885 755 1915 783 fu
1930 755 1982 791 piu

1117 791 1238 832 ‚gius-lo
1257 800 1273 818 e
1292 792 1469 827 1›ieloso,n‹'=
1491 792 1542 828 piu
1561 792 1678 827 grande
1698 792 1730 819 in
1749 799 1859 827 guerra
1874 799 1890 819 e
1903 790 1984 818 nelle

1097 854 1099 867 Ι
1135 836 1222 856 ssl'flll-

1136 902 1167 938 Ε
1196 913 1218 939 a
1248 903 1297 938 lui
1327 913 1422 948 pure
1447 902 1479 939 si
1509 902 1572 938 dia
1600 902 1752 939 ascolto
1781 902 1843 938 nel
1873 904 1982 939 sesto

1135 958 1262 997 canto,
1306 955 1473 1002 quando,
1521 955 1708 1001 perlando
1751 955 1823 992 del
1857 958 1982 992 morto

1136 1015 1303 1057 Miseno,
1350 1015 1415 1062 gia
1462 1015 1636 1051 ministro
1683 1014 1719 1050 di
1767 1014 1903 1050 Ettore
1946 1015 1981 1051 in

1134 1079 1276 1115 guerra
1319 1064 1341 1105 e
1379 1068 1484 1113 dopo
1526 1068 1569 1107 la,
1606 1069 1730 1104 morte
1767 1067 1803 1103 di
1847 1067 1983 1104 Ettore

1136 1128 1308 1164 ministro
1352 1127 1387 1163 di
1433 1127 1551 1169 Enea,
1595 1127 1680 1163 dice
1713 1127 1784 1163 che
1827 1125 1983 1163 Miseno

1135 1192 1211 1218 non
1255 1192 1382 1217 aveva
1429 1180 1584 1229 seguito
1641 1179 1738 1216 du'ce
1786 1178 1982 1222 inferiore,

1135 1239 1415 1287 paragonando
1425 1239 1533 1275 Enea
1541 1239 1589 1275 ad
1599 1239 1747 1281 Ettore‚
1756 1239 1826 1275 che
1837 1237 1984 1275 Omero

210 1327 303 1362 prae
334 1316 511 1353 omnibus
550 1315 743 1352 Homerus
779 1314 985 1362 glorificat,
1021 1318 1062 1351 ut
1133 1293 1312 1341 glorifica
1354 1304 1399 1329 su
1441 1293 1541 1335 tutti,
1589 1303 1698 1329 come
1741 1291 1916 1328 riferisce
1958 1292 1982 1328 il
2042 1294 2045 1297 ’

1134 1352 1311 1389 Filosofo
1354 1351 1570 1388 nell'Etica
1612 1362 1635 1387 a
1663 1350 1885 1391 Nicomaco,
1921 1351 1982 1387 nel

296 1436 301 1441 .
482 1434 488 1441 .
574 1434 580 1440 .
783 1434 790 1441 .
1097 1411 1098 1438 ἓ
1134 1407 1231 1443 libro
1260 1406 1317 1442 sui
1348 1405 1510 1442 costumi
1543 1404 1593 1440 da
1622 1404 1783 1440 evitare.
1822 1402 1982 1448 Quanto

211 1435 381 1472 moribus
408 1433 616 1481 fugiendis,
655 1435 711 1471 ad
737 1435 1060 1471 Ntelzomaelzum.
1097 1451 1098 1458 1
1439 1465 1446 1471 .
1484 1466 1493 1474 ,
1639 1464 1646 1471 .
1715 1464 1722 1470 .
1823 1463 1830 1469 .

210 1494 407 1540 Quantum
427 1503 524 1530 vero
546 1492 595 1529 ad
614 1492 926 1535 haereditariam,
947 1503 1062 1538 quae·
1096 1474 1098 1511 3
1135 1467 1210 1502 alla
1249 1476 1320 1502 sua
1357 1465 1504 1501 nobilta
1541 1463 1761 1505 ereditar1a‚
1800 1473 1831 1499 si
1869 1465 1983 1499 trova

209 1555 303 1591 'ibet
345 1564 436 1600 pars
478 1553 656 1598 tripartiti
700 1553 806 1589 orbis
847 1555 925 1588 tam
964 1553 1060 1594 aViS'
1097 1571 1099 1615 ᾗ
1135 1578 1158 1614 l'
1174 1579 1223 1614 ha
1260 1577 1464 1614 nobilitato
1493 1577 1551 1613 sia
1580 1576 1681 1622 cogli
1719 1575 1781 1611 avi
1809 1575 1868 1611 sia
1910 1585 1982 1611 con

211 1624 324 1659 quam
341 1612 572 1659 coniugibus
591 1612 693 1648 illum
714 1601 942 1648 nobilitasse
958 1612 1062 1647 inve·
1097 1621 1099 1667 ξ
1135 1633 1170 1668 le
1210 1631 1339 1678 mogli·
1383 1628 1529 1667 L’Asia
1567 1628 1691 1665 infaffl
1729 1638 1802 1664 con
1840 1628 1891 1675 gn
1921 1627 1983 1664 avi

209 1673 321 1709 nitur.
351 1671 448 1708 Nam
477 1670 571 1708 Asia
601 1671 939 1717 propinquioribus
964 1671 1060 1712 avis,
1097 1672 1099 1718 ζ
1135 1693 1198 1738 pm
1242 1691 1432 1736 mossimi’
1475 1699 1585 1725 come
1628 1687 1825 1724 Assaraco
1867 1697 1889 1723 e
1931 1686 1984 1733 gli

1133 1520 1204 1556 che
1236 1529 1395 1566 ognuna
1423 1517 1526 1554 delle
1556 1520 1614 1552 tre
1636 1516 1734 1562 parti
1755 1515 1818 1552 del
1840 1515 1982 1552 mondo

1136 1745 1220 1781 altri
1242 1746 1311 1780 che
1333 1753 1556 1791 regnarono
1585 1742 1620 1777 in
1650 1740 1792 1788 Frigia‚
1821 1740 1983 1787 regione

1098 1894 1099 1897 ,
1135 1862 1249 1895 canta
1278 1858 1341 1893 nel
1376 1859 1505 1892 terzo:

1138 1932 1282 1959 Domrlu'²
1304 1939 1395 1966 parve
1415 1929 1477 1964 agli
1508 1928 1561 1955 Dei
1581 1928 1613 1954 di
1642 1927 1785 1954 rovinare
1804 1926 1833 1953 ln
1854 1927 1982 1961 potenza

1099 1983 1100 1999 1
1135 1968 1183 1995 del
1201 1971 1208 1979 ⁹
1221 1967 1297 1994 Asia
1316 1975 1332 1993 ο
1352 1963 1600 1993 l’imnwritevole
1620 1965 1710 1996 gome
1728 1961 1761 1988 di
1782 1961 1912 1988 Priamo.

297 2169 467 2212 'summa
493 2183 646 2219 sequar
669 2173 841 2219 vesttyia
867 2183 1007 2210 rerum.
1036 2175 1145 2215 Verg.
1174 2174 1263 2207 Aen.
1294 2173 1322 2214 Ι,
1352 2172 1435 2203 342.

308 2245 391 2283 Rex
416 2245 552 2282 eran...
582 2248 691 2287 Verg.
720 2247 811 2279 Aen.
838 2247 867 2288 I,
897 2247 978 2278 544.

306 2315 396 2354 Non
423 2314 612 2358 inferiora
638 2315 834 2352 seculum.
862 2317 955 2349 Ibid.
987 2316 1049 2358 VI,
1085 2316 1162 2349 170.
1189 2315 1340 2355 Miseno,
1355 2323 1557 2354 oompagno
1583 2312 1621 2344 di
1648 2304 1986 2352 Enea,eriooi'‘dato

212 2378 327 2411 anche
354 2378 413 2410 nel
441 2378 554 2410 Conv.
582 2377 647 2419 IV,
678 2377 736 2408 26.

309 2445 361 2484 de
386 2445 567 2484 morl'bUS
586 2444 807 2491 fuyl‘endl‘s.
836 2447 922 2481 Eth.
952 2447 1033 2480 Nio.
1063 2446 1144 2486 vll,
1175 2447 1204 2477 1.
1231 2445 1364 2487 (antiq.
1394 2443 1549 2480 transm.
1577 2439 1886 2481 Quemadmodum
1913 2438 1987 2470 Ho-

214 2519 334 2553 merus
359 2509 403 2540 de
428 2509 585 2540 Hectore
612 2508 700 2539 feeit
725 2508 905 2539 dicentem
935 2507 1131 2546 Priamum,
1158 2505 1330 2546 quoniam
1360 2502 1465 2535 valde
1491 2504 1568 2533 erat
1594 2501 1709 2532 bonus
1734 2509 1851 2540 neque.
1890 2499 1986 2531 vide-

214 2569 320 2601 batur
346 2569 419 2600 viri
445 2567 612 2599 mortalis
636 2577 727 2607 puer
753 2567 910 2598 existere
937 2564 999 2597 sed
1027 2565 1108 2597 Dei.

307 2634 530 2682 Postquam
556 2645 633 2673 res.
660 2637 768 2678 Verg.
798 2638 887 2670 Aen.
920 2637 987 2678 111,
1023 2637 1089 2667 1-2.
