2248 3372
469 1 492 22 *³
518 4 603 18 ·.-.
627 0 1209 30 ffi‘fflm‘wvwzwwrss
1224 0 1565 27 “rs-0⁹55&
1588 0 1619 17 ’γ’
1650 0 1721 28 --.²·‘

582 40 586 43 ,
621 31 627 34 -
674 29 701 39 -.
721 30 780 50 «νῆν
802 26 806 31 ·
849 26 900 51 ζῇ.
924 26 1066 46 Δ-,ιζᾸ-«ειγ
1146 39 1179 51 ⁴,
1232 31 1233 34 ,
1315 28 1362 38 1:2⁷
1530 44 1537 49 ,

1016 110 1042 143 s
1062 133 1192 159 PARTE
1216 133 1244 158 1.
1868 138 1871 141 ⁴
1951 127 1996 159 81

1973 210 2046 220 Μ

183 327 186 330 «
227 344 232 348 ,
261 306 384 344 ximus
411 306 513 343 latas
540 305 591 343 ad
619 308 821 343 commune
849 303 1071 342 conferens.
1103 304 1161 341 Ex
1187 304 1329 350 quibus
1357 305 1478 350 patet,
1508 304 1620 350 quod*
1642 306 1684 342 et
1713 305 1748 342 in
1780 305 2037 357 sequentibus

261 371 424 416 amplius
465 367 680 416 apparebit,
708 379 836 417 genus
878 369 1046 406 electum
1089 369 1328 415 principatus
1370 370 1638 415 praestantius
1681 380 1774 407 esse
1802 380 1880 406 non
1911 370 2042 407 electo

261 434 290 480 (Ι
319 434 448 478 dictio,
477 422 561 480 c‘ap.
590 433 640 472 IX
668 444 757 482 pag.
791 434 920 480 165)...
951 432 1126 479 Amplius
1169 434 1243 471 hoc
1286 434 1375 471 solo
1418 433 1535 471 modo
1579 434 1834 471 institutionis
1878 435 2045 472 habetur

259 478 496 546 principatus
523 499 703 546 optimus.
731 498 829 536 Nam
858 509 942 535 cum
972 498 1131 544 expedit
1159 499 1344 544 optimum
1373 509 1466 536 esse
1495 498 1646 535 illorum
1675 499 1738 544 qui
1769 503 1978 536 versantur
2006 500 2043 538 in

259 563 415 609 politica
443 563 563 601 debet
591 564 691 600 enim
720 564 902 610 regulare
932 566 1044 600 actus
1073 556 1221 600 civiles*
1238 564 1406 600 omnium
1436 563 1550 610 (ibid)
1580 579 1617 600 ».

366 628 398 664 E
426 639 496 674 per
523 628 767 666 confermare
796 631 937 675 questa
964 639 1037 666 sua
1075 629 1258 674 opinione
1301 629 1427 674 ripete
1471 629 1535 674 pisi
1578 629 1705 666 oltre:
1744 644 1761 662 ‹<
1791 628 2042 667 Credendum

257 692 396 738 opinor
424 693 560 730 melius
589 704 680 730 esse
709 694 946 739 sempliciter
974 694 1030 730 rei
1060 694 1239 739 publicae
1283 696 1445 739 propter
1474 694 1598 730 clvilis
1628 694 1734 730 vitae
1765 693 2040 738 sufficentiam,

257 758 502 795 monarcham
530 763 796 804 quemcunque
825 758 994 795 futurum
1024 769 1094 804 per
1122 769 1264 801 novam
1295 758 1527 797 electionem
1557 760 1734 795 statuere
1773 769 1887 805 quam
1918 760 2041 804 ipsum

256 832 327 868 per
353 823 512 869 generis
539 823 830 860 successionem
859 834 1060 860 assumere
1080 838 1098 856 >›
1135 824 1242 870 (pag.
1267 825 1371 870 179).
1402 822 1487 860 Che
1514 834 1595 861 uno
1625 824 1713 861 solo
1734 824 1873 861 debba
1903 834 2042 861 essere

255 887 280 924 il
309 891 410 934 capo
446 888 484 924 lo
522 898 647 934 prova
683 899 757 925 con
796 889 902 925 molti
941 889 1157 936 argomenti
1196 889 1233 925 in
1271 889 1403 929 buona
1441 891 1553 934 parte
1583 888 1738 926 desunti
1769 889 1832 926 dal
1863 890 1924 926 De
1955 891 2041 927 Mo-

257 953 432 994 ηανοΙιὶα,
463 963 485 989 e
515 953 619 990 dalla
649 954 813 991 Politice
842 953 879 990 di
909 952 1138 990 Aristotele.

363 1016 418 1054 Se
447 1018 470 1053 il
501 1018 670 1064 principe
700 1029 800 1060 erra,
831 1019 862 1055 si
892 1029 1099 1065 corregga,
1121 1029 1142 1055 e
1172 1019 1329 1064 quando
1358 1019 1418 1056 sia
1446 1020 1686 1062 necessario,
1704 1021 1736 1056 si
1759 1020 1932 1065 punisca;
1969 1035 1987 1053 «
2007 1020 2040 1056 si

258 1092 355 1119 vero
384 1093 573 1119 excessus
602 1083 643 1129 (il
674 1082 785 1130 fallo)
815 1083 1065 1129 principantis
1094 1083 1358 1130 magnitudine
1387 1084 1562 1121 modicus
1581 1085 1643 1127 sit,
1664 1085 1861 1130 possibilis
1881 1085 2042 1122 evenire

257 1146 495 1193 frequenter,
524 1147 614 1194 lege
643 1148 961 1185 determinandus
989 1150 1062 1190 est,
1093 1150 1134 1184 et
1152 1148 1199 1184 -in
1221 1159 1270 1185 eo
1300 1159 1422 1195 saepe
1453 1148 1683 1195 delinquens
1719 1150 1940 1195 principans
1971 1160 2041 1195 per

257 1212 554 1249 convenientem
584 1223 749 1258 poenam
791 1213 911 1250 debet
953 1213 1076 1251 arceri
1106 1228 1123 1245 »
1160 1214 1262 1260 (cap.
1306 1213 1448 1260 XVIII).
1489 1213 1785 1251 Naturalmente
1829 1215 1867 1251 la
1906 1225 2041 1252 eomu-

257 1277 364 1314 nitas
391 1277 544 1322 civium,
573 1278 644 1314 che
673 1278 817 1325 elegge
847 1278 869 1314 il
900 1289 973 1314 suo
1003 1288 1103 1323 capo
1132 1279 1182 1315 ha
1211 1289 1307 1324 pure
1337 1279 1359 1315 il
1391 1279 1523 1316 diritto
1553 1279 1589 1316 di
1634 1280 1890 1327 correggerlo
1920 1291 1942 1316 e
1973 1268 2041 1326 pu-

257 1341 367 1393 nirlo,
396 1352 440 1378 se
461 1342 538 1389 egli
567 1353 644 1379 non
666 1343 816 1388 compie
846 1344 1079 1380 rettamente
1109 1343 1132 1380 il
1153 1354 1227 1380 suo
1249 1343 1395 1386 ufficio,
1427 1345 1504 1381 allo
1533 1346 1667 1382 stesso
1698 1345 1815 1382 modo
1844 1346 1915 1382 che
1938 1345 2043 1382 l’uni-

256 1397 426 1443 versitas
454 1405 627 1444 fidelium
656 1406 782 1444 forma
811 1408 833 1444 il
865 1409 929 1454 piu
959 1408 1040 1445 alto
1069 1409 1262 1446 tribunale
1293 1410 1396 1446 nella
1427 1408 1574 1447 Chiesa
1612 1420 1700 1455 per*
1723 1410 1924 1457 giudicare
1945 1421 2039 1456 qua·

256 1471 398 1516 lunque
427 1471 490 1508 dei
519 1473 605 1509 suoi
635 1473 793 1509 membri
823 1476 1032 1510 commetta
1059 1483 1183 1520 grave
1213 1473 1309 1510 fallo
1339 1485 1363 1510 0
1393 1474 1492 1511 cada
1518 1475 1716 1525 ineresia.

362 1529 478 1582 Nel'lo
506 1535 623 1574 stato
644 1536 702 1574 c'e
724 1538 864 1575 inoltre
880 1540 987 1574 'tutta
1016 1549 1093 1575 una
1121 1540 1326 1586 gerarchia
1346 1539 1383 1575 di
1405 1540 1568 1582 ministri>
1586 1540 1657 1576 che
1678 1540 1913 1585 adempiono
1934 1539 2040 1577 uffici

257 1599 400 1638 diversi
429 1601 479 1638 ed
507 1602 636 1639 hanno
666 1601 903 1639 un‘autorita
931 1602 1101 1645 diversa,
1131 1614 1285 1649 sempre
1315 1605 1411 1649 pero
1455 1604 1713 1641 determinata
1743 1605 1793 1641 ed
1822 1608 2039 1652 assegnata

257 1664 320 1702 dal
350 1666 508 1711 popolo.
974 1701 977 1704 .
1800 1681 1806 1685 ·

361 1729 448 1767 Una
476 1731 618 1778 eguale
647 1732 851 1778 gerarchia
881 1732 983 1769 ando
1004 1733 1287 1770 costituendosi
1317 1734 1440 1770 anche
1470 1734 1573 1770 nella
1593 1735 1788 1771 comunita
1809 1734 1872 1771 dei
1892 1734 2034 1773 fedeli:

264 1809 282 1826 ‹<
297 1793 447 1838 Petrus,
465 1798 555 1841 post
583 1795 727 1833 Christi
757 1798 991 1842 passionem,
1022 1798 1348 1835 ressurretionem
1361 1786 1409 1835 ¹et
1429 1799 1465 1835 in
1486 1799 1638 1836 coelum
1660 1800 1934 1836 ascensionem
1951 1810 2038 1845 per·

256 1859 364 1897 venit
391 1858 632 1898 Antiochiam
661 1864 702 1898 et
731 1861 869 1898 ibidem
898 1861 1027 1900 factus
1055 1861 1127 1899 fuit
1157 1863 1368 1909 episcopus
1396 1874 1466 1909 per
1495 1864 1690 1910 populum,
1707 1865 1808 1901 sicut
1836 1875 1886 1902 ex
1915 1865 2038 1910 ipsius

256 1924 375 1970 liquet
402 1925 564 1962 historia
593 1941 629 1961 >›.
659 1925 671 1962 I
699 1927 785 1964 suoi
815 1928 1036 1965 successori
1065 1927 1259 1964 stabilitisi
1291 1928 1326 1964 in
1359 1928 1494 1971 Roma,
1525 1928 1631 1975 dopo
1662 1930 1699 1966 la
1729 1929 1949 1967 donazione
1998 1930 2036 1967 di

256 1987 503 2032 Costantino‚
533 1991 565 2027 si
595 1990 861 2028 affermarono
891 1992 1082 2038 superiori
1112 1994 1189 2040 agli
1219 1994 1305 2029 altri
1334 1995 1498 2031 vescovi
1528 1994 1578 2031 ed
1607 1993 1727 2031 infine
1757 2005 1876 2040 sopra
1905 1996 1992 2032 tutti
2023 1996 2033 2031 i

255 2054 413 2100 principi
442 2056 658 2100 temporali.
687 2056 757 2093 Ma
785 2055 848 2093 v’e
878 2057 982 2094 assai
1012 2057 1062 2094 da
1090 2057 1268 2094 dubitare
1298 2058 1335 2094 di
1365 2062 1508 2104 questo
1550 2058 1668 2101 dono,
1700 2060 1722 2095 il
1753 2060 1881 2105 quale,
1913 2060 2037 2097 anche

255 2129 300 2156 se
327 2118 438 2156 fosse
467 2130 576 2161 vero,
606 2131 683 2157 non
714 2121 887 2158 avrebbe
916 2132 993 2162 una
1013 2124 1170 2167 portata
1198 2125 1281 2159 cosi
1311 2118 1423 2170 larga
1451 2134 1563 2160 come
1591 2125 1840 2171 sostengono
1860 2125 1870 2160 i
1891 2124 2037 2161 fautori

255 2183 358 2220 della
386 2195 534 2221 somma
563 2185 732 2222 autorita
750 2172 972 2231 pontificia.
996 2201 1014 2218 «
1031 2186 1087 2222 Ex
1102 2187 1270 2232 quodam
1300 2187 1429 2224 edicto
1460 2190 1500 2224 et
1520 2188 1637 2231 dono,
1668 2189 1771 2234 quod
1803 2186 1969 2234 quidam·
1987 2189 2040 2226 di-

254 2250 346 2286 cunt
391 2259 462 2294 per
508 2247 807 2303 Constantinum
854 2249 977 2294 fuisse
1023 2249 1167 2288 factum
1214 2244 1335 2289 beato
1382 2251 1592 2299 Sylvestro
1640 2264 1803 2291 romano
1850 2253 2037 2300 pontifici.

255 2312 375 2358 Quod
403 2313 545 2350 donum
574 2325 645 2351 seu
688 2315 930 2362 privilegium
973 2315 1064 2352 illud
1111 2326 1188 2353 non
1230 2316 1349 2353 habet
1390 2318 1463 2354 hoc
1506 2318 1623 2359 clare,
1655 2320 1722 2354 aut
1764 2319 1944 2364 quoniam
1988 2330 2039 2356 ex

253 2377 460 2424 postfactis
502 2379 705 2424 expiravit,
747 2378 920 2417 fortasse
961 2380 1024 2417 vel
1072 2380 1189 2418 etiam
1240 2381 1329 2427 quia
1381 2382 1589 2419 invalidum
1632 2383 1819 2424 existens,
1863 2394 1935 2420 nec
1987 2383 2038 2421 ad

253 2443 425 2489 reliquos
454 2443 581 2480 mundi
610 2444 859 2490 principatus,
888 2455 961 2482 nec
990 2445 1026 2482 in
1055 2456 1155 2487 eum,
1185 2446 1248 2492 qui
1280 2445 1540 2484 Romanorum
1561 2447 1597 2484 in
1619 2448 1798 2485 omnibus
1828 2449 2038 2494 provinciis

253 2507 355 2544 illius
383 2508 573 2556 privilegii
602 2519 674 2546 seu
702 2509 970 2547 concessionis
998 2520 1043 2547 se
1072 2510 1196 2547 virtus
1225 2510 1401 2548 extendit
1429 2526 1466 2547 ».

361 2572 481 2611 Tutto
510 2573 546 2610 al
575 2573 639 2619 piu
667 2574 704 2611 al
731 2573 910 2612 vescovo
939 2574 976 2612 di
1007 2574 1130 2612 Roma
1159 2575 1337 2613 Marsilio
1366 2576 1570 2613 riconosce
1602 2576 1844 2614 un’autorita
1875 2587 1995 2623 sopra
2025 2578 2036 2614 i

255 2636 451 2674 sacerdoti
479 2636 518 2674 di
546 2638 670 2676 minor
695 2638 822 2686 grado
850 2649 873 2676 e
902 2649 1022 2685 sopra
1050 2641 1150 2676 tutte
1179 2640 1215 2677 le
1244 2640 1395 2678 chiese:
1441 2655 1460 2673 ‹<
1476 2640 1663 2687 Princeps
1687 2642 1836 2678 cunctis
1856 2641 2039 2679 sacerdo-

254 2701 358 2739 tibus
386 2702 507 2739 totius
540 2702 709 2739 mundi...
740 2713 858 2749 super
886 2714 1023 2741 omnes
1066 2704 1103 2741 in
1147 2704 1332 2742 universo
1362 2705 1459 2742 orbe
1507 2708 1696 2742 terrarum
1743 2705 1815 2742 Dei
1846 2706 2037 2743 ecclesias

255 2766 362 2813 (dict.
392 2766 416 2804 11
445 2777 529 2813 cap.
559 2768 601 2814 2)
629 2782 647 2800 »
671 2778 680 2811 ;
711 2778 771 2805 ma
800 2779 877 2805 non
906 2769 1009 2806 vede
1039 2769 1178 2806 alcuna
1207 2769 1374 2816 ragione·
1401 2780 1471 2815 per
1499 2770 1559 2806 cui
1606 2774 1748 2816 questa
1791 2771 2035 2817 supremazia

257 2830 385 2868 debba
413 2831 633 2869 estendersi
662 2833 785 2870 anche
814 2843 933 2878 sopra
962 2834 971 2869 i
1002 2833 1159 2879 principi
1187 2834 1286 2870 laici.

364 2895 427 2933 Gli
455 2897 596 2934 zelanti
624 2898 852 2935 sostenitori
881 2897 917 2934 di
947 2899 1087 2943 questa
1129 2899 1211 2935 cosi
1253 2898 1363 2935 detta
1397 2899 1603 2945 plenitudo
1638 2900 1855 2946 potestat1‘s
1896 2910 1973 2938 non
2003 2902 2035 2937 si

258 2967 480 3007 accorgono
508 2961 546 2998 di
574 2961 717 2999 cadere
746 2962 783 2998 in
813 2972 863 2999 un
891 2972 1015 3010 grave
1045 2972 1179 2999 errore
1209 2973 1231 2999 e
1261 2961 1298 2999 di
1327 2962 1518 3008 produrre
1547 2974 1596 3000 un
1625 2964 1780 3011 grande
1809 2965 1940 3002 danno
1957 2965 2035 3002 alla

259 3021 405 3061 Chiesa
432 3026 573 3063 stessa.
617 3025 863 3064 L’esercizio
892 3026 930 3063 di
960 3037 1009 3064 un
1053 3029 1190 3081 potere
1233 3027 1408 3064 coattivo
1437 3029 1460 3064 e
1490 3038 1566 3064 una
1594 3038 1690 3065 vera
1725 3029 2034 3075 praevaricatio,
