2248 3372
228 291 280 328 ‘ri
321 290 487 335 vivente,
524 287 674 334 primm
710 283 815 331 quod
842 282 951 320 nullo
979 281 1099 319 modo

128 335 138 341 ,
191 379 194 383 .
232 350 392 398 potest.
422 347 567 385 Posset
595 345 712 382 etiam
741 344 900 381 solvere
930 352 991 379 me
1019 350 1098 378 non

112 398 121 399 7
188 399 538 450 '‘poenitentem3
567 398 672 445 quod
700 397 817 434 etiam
849 395 984 432 facere
1013 395 1098 441 ipse

245 461 358 509 Deus
385 470 462 498 non
492 460 641 505 posset.
671 456 801 503 Quum
830 465 929 503 ergo
958 455 1013 492 ita
1032 453 1096 496 sit,

135 516 210 565 ⁵„
246 520 492 559 manifestum
521 517 598 555 ‘est
637 515 743 563 quod
792 525 871 552 non
916 501 1098 551 absolute

247 580 436 618 sumenda
463 577 527 615 est
554 578 620 614 illa
661 575 894 617 distributio,
923 572 996 610 sed
1037 583 1099 609 re-

246 639 423 686 spective
452 637 502 675 ad
531 635 686 683 aliquid.
716 633 822 680 Quid
865 634 995 670 autem
1033 632 1099 668 illa

155 710 179 723 x
245 691 443 739 respiciat,
458 691 557 728 satis
571 691 635 727 est
648 687 824 731 evidens,
845 685 1098 724 considerato

246 751 314 789 illo
342 749 446 797 quod
474 747 818 789 sibi'conceditur‚
847 746 951 783 circa
993 744 1099 791 quod

222 830 230 836 ·
247 811 314 848 illa
340 809 560 847 distributio
588 807 845 854 subiungitur.
875 805 980 842 Dicit
997 805 1102 841 enim¹

247 868 430 907 Christus
462 868 607 905 Petro:
645 882 664 900 «
691 867 776 903 Tibi
819 865 923 902 dabo
965 865 1100 901 claves

186 944 188 946 ’
245 928 358 976 regni
399 928 608 967 coelorum.
626 937 673 970 »3
701 926 776 963 hoc
818 927 906 962 est:
943 918 1099 960 Faciam

245 989 287 1025 te
315 988 516 1025 ostiarium
550 983 664 1034 regni
702 985 914 1022 coelorum.
946 983 1098 1020 Deinde

231 1046 403 1091 ,subditz
455 1061 474 1079 «
502 1046 552 1083 Et
597 1044 867 1092 quodcumque
895 1053 946 1079 »z
994 1042 1099 1089 quod

205 1141 208 1142 γ
238 1107 336 1147 ¹est:
373 1121 392 1139 «
419 1104 547 1147 Omne
562 1104 700 1151 quod»
736 1103 774 1141 id
802 1105 886 1140 est:
916 1102 966 1139 Et
984 1112 1098 1139 omne

247 1164 354 1210 quod
381 1165 432 1202 ad
459 1163 563 1202 istud
592 1163 764 1201 officium
793 1162 1000 1209 spectabit,
1025 1162 1102 1198 sol-

183 1270 187 1272 *
216 1246 218 1248 ·
247 1235 344 1263 vere
364 1224 514 1271 poteris
532 1226 574 1260 et
601 1223 724 1270 ligare
743 1237 781 1258 ».
803 1222 852 1258 Et
869 1222 927 1259 sic
946 1221 1098 1269 signum

227 1275 484 1330 universale,
519 1282 624 1330 quod
651 1281 858 1319 includitur
901 1281 936 1318 in
975 1281 1098 1327 quod-

249 1353 430 1390 cumque,
458 1339 708 1379 contrahitur,
739 1341 776 1378 in
815 1350 888 1377 sua
916 1340 1100 1378 distribu-

248 1403 357 1440 tione
385 1402 435 1439 ab
464 1400 599 1439 officio
628 1401 793 1437 clavium
822 1400 932 1447 regni
971 1400 1101 1436 coelo-

250 1471 346 1512 rum.
376 1461 425 1497 Et
462 1461 517 1498 sic
554 1459 791 1498 assumendo
819 1470 916 1496 vera
945 1461 1008 1496 est
1035 1459 1101 1495 illa

248 1514 479 1562 propositio;
499 1513 680 1551 absolute
695 1523 793 1549 vero
813 1523 904 1556 non,
922 1514 964 1549 ut
978 1514 1100 1558 patet.

250 1573 309 1610 Et
326 1572 419 1609 ideo
447 1572 547 1614 dico,
567 1572 672 1618 quod
701 1572 775 1608 etsi
807 1582 1016 1608 successor
1031 1571 1102 1607 Pe-

249 1626 311 1669 tri,
339 1625 551 1663 secundum
579 1625 814 1672 exigentiam
843 1623 964 1661 officii
998 1635 1100 1661 com-

249 1684 355 1722 missi
385 1683 516 1726 Petro,
546 1684 673 1730 possit
700 1684 859 1720 solvere
888 1680 938 1720 et
961 1683 1100 1730 ligare,

249 1747 328 1775 non
357 1739 486 1774 tamen
516 1739 677 1783 propter
696 1738 770 1774 hoc
790 1737 978 1783 sequitur,
995 1737 1099 1783 quod

250 1796 378 1842 possit
403 1796 563 1833 solvere
591 1806 663 1833 seu
692 1797 816 1844 ligare
845 1795 1007 1833 decreta
1038 1795 1104 1832 lm-

227 1850 358 1895 ·peri,‘
374 1849 460 1886 sive
488 1849 612 1896 leges,
642 1850 685 1886 ut
713 1850 785 1896 ipsi
805 1849 1007 1887 dicebant:
1029 1850 1103 1887 nisi

250 1908 414 1950 ulterius
454 1908 688 1954 probaretur
729 1909 803 1945 hoc
840 1911 1022 1955 spectare
1052 1909 1102 1946 ad
1139 1955 1141 1960 ,

251 1960 423 2005 officium
469 1959 660 2006 clavium;
707 1963 817 1999 cuius
867 1962 1102 1999 contrarium

251 2013 412 2052 inferius
441 2014 697 2052 ostendetun

1045 115 1176 143 ram
1198 99 1245 140 112-
1285 101 1300 134 ’.

1174 277 1374 316 potrebbe
1404 277 1527 314 anche
1557 277 1764 314 assolvere
1808 287 1868 314 me
1906 287 2030 314 senza

1174 331 1232 370 ch'
1249 332 1288 369 io
1317 331 1365 368 mi
1395 332 1526 377 penta,
1556 331 1617 367 cib
1646 331 1718 367 che
1739 341 1815 367 non
1836 330 2030 376 potrebbe

1120 393 1123 397 ·
1174 385 1259 422 fare
1289 385 1328 422 lo
1371 387 1505 421 stesso
1549 383 1638 420 Dio.
1669 383 1822 420 Stando
1865 385 1949 421 cosi
1993 384 2030 420 le

1174 449 1282 480 cose,
1312 438 1345 475 si
1373 437 1476 475 vede
1497 437 1628 474 subito
1649 438 1720 473 che
1740 437 1872 483 quella
1901 438 2032 478 esten-

1174 502 1286 529 sione
1315 502 1394 528 non
1424 492 1501 537 puo
1536 501 1649 527 esser
1677 501 1795 536 presa
1833 491 1869 527 in
1907 501 2030 527 senso

1142 568 1146 570 ἡ
1175 546 1367 588 assoluto,
1398 555 1458 581 ma
1491 544 1789 580 relativamente
1824 555 1847 580 a
1866 544 2030 590 qualche

1175 609 1282 636 cosa.
1312 597 1347 634 A
1375 598 1446 634 che
1466 608 1562 634 cosa
1582 598 1613 634 si
1635 596 1824 640 riferisca,
1845 597 1877 634 si
1906 597 2029 634 rende

1175 652 1420 689 abbastanza
1448 650 1632 688 evidente
1658 650 1947 687 considerando
1968 651 2029 687 cio

1174 706 1246 742 che
1290 706 1327 741 le
1357 705 1388 741 si
1418 703 1593 742 concede
1623 705 1789 749 rispetto
1837 714 1861 740 a
1898 704 2029 750 quello

1175 769 1199 795 a
1227 759 1287 795 cui
1317 759 1447 804 quella
1475 758 1704 795 estensione
1743 759 1765 794 e
1805 758 2030 805 soggiunta.

1175 811 1309 849 Cristo
1352 811 1438 848 dice
1482 822 1505 848 a
1548 811 1702 847 Pietro:
1740 811 1818 847 «Ti
1843 811 1958 847 ”daro
1994 811 2031 847 le

1136 908 1137 916 ἵ
1174 866 1300 902 chiavi
1343 865 1406 902 del
1448 875 1574 912 regno
1616 865 1678 901 dei
1718 865 1836 901 cieli»
1887 865 1974 901 cioe
2003 865 2031 901 ti

1136 917 1137 924 ’
1173 919 1261 956 faro
1291 919 1486 966 portinaio
1510 918 1578 955 'del
1608 928 1733 965 regno
1767 918 1830 954 dei
1860 919 1976 961 cieli3
2008 929 2030 954 e

1174 979 1238 1024 poi
1257 979 1493 1026 soggiunge:
1522 992 1539 1010 «
1554 988 1576 1014 e
1594 978 1824 1024 qualunque
1840 973 1975 1020 Cosa„
1992 992 2010 1010 ›>
2022 1003 2030 1019 ,

1174 1032 1262 1068 cioe
1298 1047 1316 1064 ‹<
1345 1035 1442 1069 tutto
1490 1031 1620 1078 quello
1667 1032 1777 1068 elle...
1807 1046 1843 1074 »‚
1873 1031 1962 1067 vale
2009 1041 2032 1066 a

1175 1085 1258 1122 dire
1291 1100 1312 1133 ¹«
1356 1089 1453 1122 tatto
1496 1085 1626 1132 quello
1669 1086 1743 1122 elle
1785 1085 1962 1131 speltera*
2004 1094 2030 1121 a

1175 1143 1315 1185 questo
1344 1139 1497 1185 afficio,
1521 1139 1659 1185 potraz·
1683 1139 1888 1186 seiogliere
1927 1148 1948 1175 e
1983 1138 2034 1174 le-

1171 1201 1301 1242 gare:
1329 1191 1426 1229 Cosi
1455 1193 1479 1228 il
1523 1202 1650 1239 segno
1694 1192 1916 1228 universale
1959 1191 2031 1228 che

1172 1247 1236 1282 sta
1263 1246 1468 1282 racchiuso
1506 1246 1542 1282 in
1579 1260 1596 1277 «
1626 1246 1856 1292 qualunque
1880 1255 1978 1282 cosa
2006 1260 2024 1277 >›

1173 1299 1264 1336 vien
1311 1300 1488 1336 ristretto
1535 1299 1640 1335 nella
1686 1309 1759 1336 sua
1802 1299 2032 1336 estensione

1174 1352 1412 1389 dall'ufticio
1455 1352 1558 1389 delle
1601 1353 1726 1389 chiavi
1757 1352 1820 1389 del
1850 1353 1964 1389 cielo.
1998 1352 2031 1388 E

1174 1416 1292 1452 presa
1320 1407 1357 1442 in
1386 1408 1529 1452 questo
1549 1416 1670 1458 senso
1691 1406 1728 1442 la
1752 1406 2031 1451 proposizione

1174 1461 1197 1496 e
1226 1470 1349 1503 vera3
1379 1460 1415 1496 in
1445 1470 1566 1496 senso
1591 1460 1796 1502 -assoluto,
1826 1470 1890 1500 no,
1921 1469 2032 1495 come

1174 1514 1198 1549 e
1227 1513 1424 1549 evidente.
1454 1513 1593 1549 Percio
1623 1513 1711 1549 dico
1732 1513 1815 1555 che,
1837 1523 1882 1549 se
1908 1513 2031 1549 anche

1174 1566 1198 1602 il
1228 1576 1461 1603 successore
1492 1566 1528 1611 di
1559 1566 1705 1608 Pietro,
1736 1565 1913 1602 secondo
1934 1564 2030 1602 l’ob-

1174 1625 1281 1672 bligo
1310 1624 1552 1661 dell'ufficio
1581 1635 1801 1662 commesso
1831 1635 1855 1661 a
1884 1624 2034 1667 Pietro,

1174 1689 1296 1724 possa
1324 1679 1533 1725 sciogliere
1553 1689 1576 1715 e
1597 1679 1744 1726 legare,
1765 1678 1935 1715 tuttavia
1949 1688 2027 1714 non

1176 1748 1224 1774 ne
1253 1738 1369 1774 viene
1390 1738 1461 1774 che
1482 1748 1603 1784 possa
1622 1738 1830 1785 sciogliere
1852 1748 1875 1774 e
1895 1738 2032 1784 legare

1175 1791 1186 1827 i
1216 1790 1364 1828 decreti
1394 1802 1416 1828 e
1445 1792 1482 1828 le
1512 1791 1618 1838 leggi
1639 1790 1728 1827 dell‘
1741 1791 1902 1837 Impero‚
1918 1801 2029 1827 come

1162 1850 1256 1891 *essi
1285 1852 1576 1894 sostenevano;
1607 1860 1630 1886 a
1659 1860 1773 1886 meno
1794 1850 1865 1886 che
1885 1859 1962 1886 non
1996 1850 2030 1887 si

1176 1904 1375 1949 comprovi
1405 1903 1476 1940 che
1501 1905 1643 1954 questo
1663 1905 1795 1949 spetta
1816 1902 1879 1939 all'
1896 1902 2030 1940 ufficio

1176 1962 1279 1999 delle
1335 1963 1473 2006 chiavi;
1530 1973 1591 1998 ma
1647 1964 1820 2008 appunto
1878 1963 1901 1998 il
1946 1973 2034 1999 con-

1177 2016 1298 2052 trario
1327 2017 1418 2065 sara
1447 2016 1511 2062 piu
1540 2018 1648 2052 sotto
1682 2015 1926 2052 dimostrato.

346 2214 501 2255 Dosse!
521 2217 642 2255 etiam
665 2217 827 2256 solvere
857 2229 922 2256 me
945 2229 1028 2256 non
1050 2219 1335 2265 poenitentem.
1360 2222 1494 2262 Quosne
1521 2223 1645 2264 parole
1670 2224 1705 2255 oi
1743 2223 1854 2256 fanno
1880 2234 2032 2266 pensare
2083 2254 2095 2259 -

251 2277 289 2310 al
313 2279 401 2310 noto
425 2279 591 2319 episodio
616 2280 653 2311 di
680 2279 801 2312 Guido
826 2281 874 2313 da
898 2281 1146 2315 Montefeltro.
1171 2281 1244 2313 Inf.
1274 2282 1428 2324 XXVH,
1459 2283 1521 2314 118
1548 2293 1651 2324 segg.

345 2356 428 2384 ηοη
453 2346 586 2385 tamen
611 2347 796 2394 sequitur
828 2347 942 2395 quod
959 2349 1102 2395 possit
1134 2348 1298 2388 solvere
1333 2360 1409 2388 seu
1433 2350 1561 2396 ligare
1596 2350 1758 2389 decreta
1787 2351 1972 2398 Smper-17.
2001 2352 2034 2388 A

251 2417 358 2440 nome
374 2408 412 2440 di
439 2409 613 2442 Federieo
632 2410 679 2450 11,
698 2410 822 2443 Pietro
838 2411 938 2443 della
955 2411 1076 2453 Vigna
1101 2410 1184 2455 (Ep.
1205 2411 1236 2455 Ι,
1257 2411 1292 2455 3)
1318 2413 1488 2445 scriveva
1504 2423 1527 2445 a
1552 2412 1589 2445 S.
1610 2414 1722 2455 Luigi
1748 2423 1788 2446 re
1803 2414 1842 2446 di
1862 2414 2030 2446 Francia:

252 2466 335 2499 Etsi
360 2466 542 2500 fateamur
566 2469 738 2502 collatam
764 2479 787 2502 a
811 2469 968 2502 Domino
1005 2473 1258 2503 sacrosanctae
1294 2471 1479 2504 Romanae
1504 2472 1602 2504 sedis
1628 2472 1802 2505 Antistiti
1828 2472 2032 2513 plenariam

251 2525 292 2558 in
316 2526 575 2567 spiritualibus
598 2530 832 2574 potestatem,
859 2531 903 2562 ut
926 2532 1250 2572 quantumcunque
1283 2529 1396 2574 (quod
1421 2531 1533 2570 absit)
1560 2531 1610 2564 sit
1636 2534 1840 2573 peceatum,
1871 2531 1969 2572 quod
1994 2531 2034 2562 in

215 2624 227 2632 ,
251 2585 351 2617 terra
374 2585 561 2627 ligaverit,
585 2587 636 2620 sit
662 2587 820 2629 ligatum
842 2588 883 2620 in
909 2588 1036 2632 ooelis,
1063 2591 1100 2622 et
1118 2590 1213 2631 quod
1239 2590 1395 2622 solverit
1419 2591 1469 2623 sit
1495 2591 1678 2631 solutum3
1704 2600 1883 2631 nusquam
1910 2591 2032 2622 tamen

253 2643 393 2685 legitur
400 2644 530 2677 divina
537 2645 596 2678 vel
607 2645 768 2678 humana
779 2647 860 2688 lege
873 2645 944 2681 sibi
957 2657 1169 2680 conoessum
1181 2649 1277 2690 quod
1291 2649 1488 2682 transferre
1503 2650 1690 2690 prohibito
1705 2650 1821 2690 possit
1835 2649 2034 2689 Imperium

251 2705 317 2736 aut
333 2704 378 2735 de
396 2704 592 2744 puniendis
604 2706 856 2746 temporaliter
873 2707 912 2739 iu
925 2707 1135 2749 privatione
1148 2717 1343 2750 regnorum
1358 2708 1522 2750 Regibus
1540 2710 1577 2740 et
1595 2709 1828 2749 Prinoipibue
1853 2709 2030 2741 iudicare.

253 2762 413 2805 (witto).

348 2831 467 2869 cuius
491 2831 734 2870 contrarlum
770 2831 940 2875 Inferlvs
964 2833 1223 2872 ostendetur:
1264 2838 1343 2870 eloe
1369 2838 1428 2869 nel
1454 2847 1534 2879 oap.
1565 2838 1662 2877 XIV,
1699 2838 1792 2870 dove
1818 2838 1851 2870 si
1875 2839 2035 2871 sostione

255 2890 323 2923 ohe
348 2891 498 2925 l'uffioio
523 2893 582 2925 del
610 2893 792 2926 Pontefiee
817 2895 850 2927 si
875 2895 1023 2927 ostende
1048 2895 1121 2928 alle
1146 2896 1222 2928 sole
1248 2905 1330 2928 oose
1355 2896 1559 2938 spiritum-1
