2248 3372
207 335 304 374 rege
333 325 640 373 contralstante,
669 322 719 360 de
747 322 899 360 comuni
935 321 1064 358 ambo-

207 395 290 422 rum
309 394 444 432 regum
464 376 642 425 assensu,
663 382 713 419 ad
741 381 924 424 ultimum,
945 391 1061 427 prop-

207 446 270 480 ter
287 442 454 481 divinum
473 442 757 488 beneplacitum
781 439 1059 487 inquirendum,

207 492 312 542 inter'
343 513 388 540 se
417 502 542 539 solu'm
584 500 803 538 dimicatum
848 501 922 542 est,
952 501 994 536 ut
1022 500 1058 537 in

207 562 348 599 ultimis
381 561 574 599 AEneidos
609 560 772 597 canitur.
801 559 847 596 ln*
876 570 954 606 quo
982 560 1061 605 qui-

206 616 294 659 dem
322 619 459 669 agone!
479 622 589 657 tanta
615 619 776 668 victoris
804 618 957 656 AEneae
986 620 1061 656 cle-

206 680 350 721 mentia
389 677 473 723 fuit,
525 681 567 716 ut
620 679 693 715 nisi
734 678 902 721 balteus,
944 689 1057 724 quem

191 739 360 781 ,Turnus
401 738 566 776 Pallanti
595 749 619 775 a
647 749 691 775 se
720 738 853 775 occiso
881 737 1059 774 detraxe-

197 800 278 849 Jat,
306 798 510 846 patuisset,
539 798 644 835 victo
663 797 790 834 victor
809 797 918 834 simul
938 797 1057 833 vitam
1100 813 1103 815 ·

203 857 482 900 condonasset,
511 860 553 894 et
578 851 738 903 ‘pacem3
768 858 810 893 ut
829 856 962 893 ultima
977 866 1058 893 car-

191 917 306 954 mina
333 917 456 954 nostri
485 916 635 954 Poetae
655 917 862 953 testantur.
881 914 1056 961 Cumque

205 975 283 1013 duo
310 976 442 1022 populi
471 987 521 1012 ex
548 975 634 1022 ipsa
661 974 838 1012 Troiana*
860 973 991 1011 radice
1019 974 1056 1010 in

202 1033 311 1072 Italia
329 1035 626 1082 germinassent,
649 1033 1013 1070 Romanusvidelice
1042 1035 1058 1069 t

205 1093 373 1144 populus
400 1095 441 1130 et
477 1092 653 1130 Albanus
689 1094 806 1139 atque
849 1093 899 1130 de
942 1093 1056 1140 signo

205 1153 360 1201 aquilae
380 1153 507 1199 deque
536 1153 742 1199 penatibus
775 1152 848 1189 diis
867 1152 1056 1189 Troiano-

205 1209 291 1260 rum'
315 1213 432 1259 atque
461 1211 649 1260 dignitate
678 1211 915 1258 principandi
936 1212 1056 1258 longo

203 1273 380 1318 tempore
400 1265 500 1309 inter
518 1283 562 1323 se
583 1271 839 1318 disceptatum
859 1272 980 1314 esset,
1007 1270 1056 1307 ad

203 1329 384 1372 ultimum,
401 1329 451 1374 de
466 1330 654 1368 communi
684 1341 850 1368 assensu
879 1331 1054 1376 partium,

202 1390 363 1435 propter
389 1384 609 1427 instantiam
638 1389 965 1437 cognoscendam,
986 1400 1056 1435 per

202 1449 284 1490 tres
311 1447 500 1486 Horatios
535 1447 680 1486 tratres
717 1449 803 1486 hinc
831 1450 873 1485 et
901 1459 972 1494 per
999 1451 1056 1486 to-

170 1508 173 1517 '
201 1505 318 1544 tidem
348 1505 548 1544 Curiatios
584 1506 730 1545 fratres
766 1507 870 1551 inde,
900 1508 937 1544 in
967 1519 1057 1545 con-

201 1567 343 1611 spectu·
366 1576 501 1614 regum
517 1567 559 1603 et
572 1567 802 1612 populorum
822 1567 1055 1604 altrinsecus
1091 1597 1092 1600 ,

202 1625 498 1670 expectantium,
528 1625 769 1662 decertatum
797 1628 880 1664 est:
909 1626 973 1663 ubi
994 1627 1056 1662 tri-

201 1682 289 1727 bus,
315 1683 509 1730 pugilibus
549 1683 787 1721 Albanorum
829 1685 1052 1731 peremptis,

202 1740 460 1790 Romanorum
501 1742 666 1786 duobus,
695 1744 822 1793 palma
863 1745 1052 1781 victoriae

199 1800 272 1837 sub
301 1799 471 1838 Hostilio
499 1812 595 1850 rege
625 1803 746 1840 cessit
775 1803 970 1841 Romanis.
1002 1804 1052 1841 Et

198 1859 272 1896 hoc
301 1859 507 1909 diligenter
548 1861 681 1899 Livius
721 1862 758 1899 in
788 1863 910 1908 prima
938 1855 1050 1909 parte

199 1919 382 1966 contexit,
403 1920 462 1956 cui
479 1919 648 1958 Orosius
662 1922 777 1958 etiam
793 1924 1049 1960 contestatur.

170 1976 174 1979 ’
198 1976 350 2014 Deinde
379 1989 464 2016 cum
492 1978 675 2022 finitimis,
705 1981 806 2017 omni
845 1981 927 2018 iure
957 1982 1048 2019 belli

995 157 1124 183 PARTE
1149 156 1196 181 11.

1122 322 1278 370 ⁴questo
1308 321 1467 367 popolo,
1497 331 1572 358 con
1603 321 1736 359 Turno
1764 333 1807 359 re
1828 321 1890 359 dei
1922 322 1995 359 Ru-

1135 374 1204 411 tuli
1238 374 1308 411 che
1337 375 1390 422 gli
1419 375 1452 411 si
1482 385 1704 420 opponeva,
1735 375 1814 412 alia
1842 374 1935 419 fine,
1953 375 1991 412 di
2056 406 2063 412 .

1134 443 1298 470 comune
1319 433 1502 476 accordo‚
1529 444 1599 479 per
1619 444 1835 471 conoscere
1856 435 1894 471 la
1922 445 1993 471 vo-

1134 487 1242 523 lonta
1253 486 1357 534 degli
1369 487 1443 524 Dei
1454 487 1757 535 combatterono
1772 489 1992 526 solamente

1133 542 1195 577 tra
1236 541 1334 583 loro,
1364 537 1474 578 come
1517 541 1549 577 si
1590 541 1707 588 legge
1750 540 1840 578 nell'
1858 542 1992 579 ultimo

1133 601 1249 637 canto
1292 599 1568 643 dell’Eneide3
1597 600 1659 636 nel
1703 601 1818 646 quale
1862 611 1991 648 agone

1133 655 1243 690 tanta
1284 653 1326 690 fu
1368 654 1406 690 la
1447 654 1647 690 clemenza
1693 654 1755 690 del
1800 654 1990 692 vincitore

1133 707 1254 749 Enea,
1284 708 1355 744 che
1397 717 1442 744 se
1484 717 1561 744 non
1598 704 1751 744 'avesse
1802 710 1935 745 scorto
1965 709 1989 744 il

1131 767 1266 803 balteo
1295 767 1366 803 che
1395 767 1528 803 Turno
1559 772 1689 803 aveva
1718 768 1818 804 tolto
1838 767 1990 805 ,all‘uc-

1131 820 1214 857 ciso
1243 820 1434 862 Pallante,
1465 821 1555 867 egli,
1585 821 1788 862 vincitore,
1814 822 1987 858 avrebbe

1131 873 1356 910 condonato
1371 874 1410 910 la
1423 874 1506 911 vita
1521 875 1556 910 al
1573 874 1682 910 vinto
1702 885 1724 910 e
1744 875 1798 921 gli
1814 876 1994 912 avrebbe-

1130 943 1322 970 concessa
1350 933 1388 969 la
1416 943 1526 979 pace,
1556 944 1667 970 come
1706 935 1906 970 attestano
1935 935 1987 982 gli

1131 986 1251 1022 ultimi
1278 987 1384 1023 versi
1413 986 1476 1023 del
1506 990 1644 1023 nostro
1674 986 1812 1023 Poeta.

1185 1038 1356 1084 Quando
1385 1040 1449 1085 poi
1479 1039 1583 1077 dalla
1612 1043 1744 1077 stessa
1763 1040 1896 1077 radice
1912 1043 1990 1078 tro-

1130 1093 1220 1129 iana
1247 1096 1423 1130 trassero
1453 1094 1603 1141 origine
1633 1094 1669 1130 in
1699 1093 1807 1130 ltalia
1827 1094 1902 1131 due
1924 1105 1989 1140 po-

1130 1147 1220 1192 poli,
1242 1147 1275 1183 ·il
1304 1157 1467 1184 romano
1496 1158 1518 1184 e
1549 1147 1731 1190 l’albano,
1761 1147 1867 1194 dopo
1887 1158 1983 1185 aver

1131 1205 1380 1253 lungamente
1423 1209 1588 1243 conteso
1630 1209 1691 1243 tra
1729 1207 1814 1244 loro
1853 1218 1923 1253 per
1961 1208 1986 1244 il

1130 1270 1257 1306 segno
1286 1259 1520 1306 dell'aquila,
1550 1271 1620 1306 per
1648 1260 1700 1308 gli
1730 1260 1793 1298 dei
1814 1261 1944 1307 penati
1963 1272 1985 1298 e

1130 1322 1200 1358 per
1228 1313 1265 1349 la
1294 1313 1442 1360 dignita
1471 1313 1561 1350 dell’
1577 1313 1738 1360 Impero,
1759 1315 1795 1350 in
1815 1314 1895 1351 fine
1916 1325 1986 1360 per

1129 1382 1294 1409 comune
1322 1381 1519 1410 consenso
1549 1372 1652 1410 delle
1681 1373 1793 1419 parti,
1823 1384 1894 1420 per
1922 1374 1986 1411 de-

1083 1433 1086 1437 ·
1128 1425 1241 1462 finire
1271 1426 1309 1462 la
1338 1426 1448 1468 lotta,
1465 1427 1496 1463 si
1526 1427 1724 1464 combatte
1749 1426 1811 1463 dai
1832 1429 1891 1464 tre
1913 1427 1986 1464 fra-

1128 1485 1210 1521 telli
1240 1484 1359 1522 Orazi
1389 1485 1439 1522 da
1464 1497 1541 1523 una
1563 1489 1674 1532 parte
1696 1488 1833 1523 contro
1854 1487 1985 1523 altret-

1091 1547 1093 1563 ·
1128 1539 1224 1583 tanti
1253 1538 1397 1575 fratelli
1427 1538 1583 1576 Curiazi
1613 1539 1702 1576 dall'
1724 1541 1834 1583 altra,
1853 1541 1901 1576 ‘al
1922 1551 1985 1577 co-

1128 1594 1261 1637 spetto
1290 1592 1353 1629 dei
1381 1603 1424 1629 re
1455 1603 1477 1629 e
1507 1592 1569 1629 dei
1599 1593 1730 1638 popoli
1761 1594 1796 1629 in
1822 1594 1982 1630 ansiosa

1129 1645 1413 1690 aspettazione.
1435 1645 1578 1682 Caduti
1590 1647 1600 1682 i
1612 1648 1671 1683 tre
1692 1647 1900 1693 pugilatori
1912 1646 1982 1684 de-

1126 1699 1179 1746 gli
1208 1697 1348 1735 Albani
1378 1710 1400 1736 e
1430 1699 1506 1736 due
1537 1699 1599 1736 dei
1631 1700 1804 1742 Romani,
1835 1701 1873 1737 la
1902 1702 1981 1746 pal-

1126 1768 1188 1794 ma
1229 1757 1333 1794 della
1374 1759 1533 1795 vittoria
1575 1761 1695 1804 passo
1739 1760 1774 1795 ai
1818 1759 1980 1796 Romani

1124 1819 1232 1854 sotto
1261 1818 1284 1853 il
1314 1828 1356 1854 re
1387 1817 1543 1855 Ostilio.
1573 1818 1605 1854 E
1633 1821 1774 1864 questo
1817 1819 1978 1866 diligen-

1124 1872 1295 1907 temente
1343 1882 1488 1917 espose
1535 1872 1639 1908 nella
1686 1873 1806 1918 prima
1867 1876 1978 1919 parte

1124 1929 1228 1968 della
1256 1931 1379 1967 storia
1409 1931 1518 1968 Livio
1548 1932 1608 1968 col
1639 1932 1753 1977 quale
1774 1931 1978 1969 s'accorda

1125 1982 1287 2020 Orosio.

293 2189 318 2223 Χ
333 2189 415 2235 (xl).
440 2188 480 2225 in
494 2188 644 2228 ultimis
655 2189 885 2237 menemus,-
906 2195 984 2227 cioe
1004 2195 1088 2232 XII,
1104 2196 1184 2234 94¹),
1199 2207 1279 2238 flgg·

387 2259 393 2262 ·
531 2250 579 2282 Et
606 2252 676 2282 iam
704 2247 846 2293 iamq'ue
873 2255 990 2294 magis
1016 2257 1249 2287 cunotantem
1277 2256 1426 2288 fleotere
1453 2267 1572 2289 sermo

597 2314 778 2354 coeperat,
805 2312 939 2345 infelix
963 2323 1089 2346 umero
1114 2324 1197 2346 oum
1223 2317 1396 2356 apparuit
1421 2317 1498 2348 alto

597 2370 741 2403 balteus
766 2373 803 2403 et
827 2372 926 2404 notis
951 2371 1134 2406 fulserunt
1159 2375 1311 2415 cingula.
1336 2375 1449 2408 bullis

597 2429 779 2462 Pallantis
804 2432 922 2475 pueri,
951 2433 1092 2465 vietum
1119 2443 1227 2474 quain
1254 2435 1401 2466 volnere
1427 2435 1574 2468 Turnus
1843 2458 1860 2479 0

596 2490 778 2537 straverat
803 2492 911 2532 atque
938 2492 1074 2524 umeris
1101 2493 1292 2525 inimicum
1322 2495 1466 2535 insigne
1491 2496 1654 2536 gerebat.

289 2554 361 2591 ab}
381 2555 510 2593 tribus
531 2556 752 2603 pugilibus.
781 2562 870 2613 (Ην.Ι
889 2563 1019 2597 Parad.
1047 2563 1111 2602 Vl,
1138 2565 1196 2598 39.

287 2625 330 2663 et
351 2624 432 2663 hoc
454 2625 662 2673 diligenter
686 2627 836 2668 Livius.
862 2633 944 2666 Lib.
973 2634 1001 2674 Ι,
1029 2635 1152 2667 24-25.
