2248 3372
1446 102 1454 118 ἱ

316 156 383 196 136
812 169 853 194 Π,
877 168 1081 194 'rammam
1107 162 1239 194 BELLA
1264 162 1501 194 mammaeam

265 334 372 371 hibet
408 336 545 371 noster
588 333 715 371 Poeta
743 333 779 370 in
809 333 939 375 tertio,
959 333 1022 370 ubi
1044 332 1117 369 An-

267 393 474 430 dromache
518 393 567 429 de
610 391 780 430 Ascanio
821 391 904 429 filio
942 391 1115 428 Aeneam

266 453 484 500 genitorem
515 452 732 498 interrogat
759 452 835 488 sic:

268 543 349 577 Quid
366 551 442 579 puer
455 542 629 570 Ascanius?
642 536 819 578 superatne,
831 544 859 569 et
881 542 1017 569 vescitur
1029 551 1115 572 nura,

268 585 364 619 Quem
386 584 442 612 tibi
462 584 523 611 iam
542 584 637 612 Troia
655 584 773 620 peperit
794 585 930 611 fumante
950 584 1082 611 Creusa?

319 657 517 695 Secunda
547 658 649 695 Dido
678 657 762 701 fuit,
778 659 914 705 regina
934 660 974 695 et
994 660 1116 694 mater

267 717 632 765 Carthaginensium
670 718 706 753 in
750 716 901 760 Africa;
931 720 971 753 et
1012 716 1116 763 quod

265 777 382 814 fuerit
411 777 589 820 coniunx,
607 776 706 813 idem
735 780 871 813 noster
900 776 1026 813 Poeta
1053 787 1118 812 va-

265 837 445 873 ticinatur
489 837 524 873 in
567 838 728 882 quarto;
771 836 892 882 inquit
933 836 1032 872 enim
1066 835 1115 872 de

266 895 444 932 Didone:

266 981 326 1009 Nee
346 981 406 1009 iam
427 981 572 1009 furtivum
595 981 673 1008 Dido
693 981 859 1008 meditatur
876 988 1021 1010 amorem,

265 1023 449 1059 Coniugium
471 1026 572 1056 vocut;
594 1023 651 1049 hoc
671 1022 818 1058 praetexit
841 1022 963 1049 nomine
983 1022 1114 1056 culpam.

318 1097 452 1133 Tertia
482 1097 642 1132 Lavinia
662 1095 746 1138 fuit,
781 1095 1017 1132 Albanorum
1040 1095 1115 1132 Ro-

267 1155 544 1201 manorumque
575 1158 709 1198 mater,
739 1155 845 1202 regis
874 1154 997 1203 Latini
1034 1154 1116 1190 filia

266 1215 412 1261 pariter
440 1217 481 1251 et
508 1215 667 1258 haeres;
697 1215 728 1251 si
758 1224 891 1250 verum
921 1216 983 1250 est
1011 1214 1117 1250 testi-

266 1274 431 1310 monium
461 1274 582 1310 nostri
614 1273 763 1310 Poetae
802 1273 837 1308 in
877 1273 1021 1314 ultimo,
1051 1273 1114 1309 ubi

265 1333 434 1369 Turnum
454 1333 595 1369 victum
612 1332 819 1368 introducit
834 1324 1009 1368 orantem
1030 1342 1116 1377 sup-

265 1392 414 1438 pliciter
443 1391 492 1428 ad
521 1391 694 1428 Aeneam
723 1391 799 1434 sic;

313 1497 322 1506 .
362 1499 369 1505 .
407 1460 528 1511 vicis&
548 1480 575 1505 et
598 1477 709 1505 victum
732 1477 856 1504 tendere
876 1476 1013 1512 palmas

220 1521 223 1522 ⁷
265 1520 396 1547 Ausonii
418 1519 538 1547 videre:
560 1522 613 1547 tua
632 1522 680 1546 est
701 1518 829 1546 Lavinia
849 1518 981 1546 coniunx

318 1593 433 1639 Quae
477 1593 608 1630 ultima
651 1603 748 1630 uxor
789 1592 839 1629 de
882 1591 989 1629 Italia
1030 1591 1113 1634 tuit,

266 1652 447 1700 Europae
477 1653 639 1700 regione
668 1652 919 1689 nobilissima.
950 1651 1020 1688 His
1044 1652 1114 1688 ita-

263 1723 339 1758 que
361 1712 408 1748 ad
429 1712 663 1748 evidentiam
684 1712 982 1757 subassumptae
1003 1721 1114 1756 prae-

264 1771 423 1814 notatis,
453 1771 513 1807 cui
542 1781 618 1807 non
649 1771 746 1807 satis
775 1780 1002 1816 persuasum
1041 1772 1114 1812 est,
1153 1781 1154 1786 ¹

267 1830 428 1867 Romani
458 1830 589 1876 populi
616 1832 780 1875 patrem,
810 1831 851 1865 et
879 1839 949 1874 per
977 1839 1114 1865 conse·

265 1900 390 1935 quens
436 1889 558 1935 ipsum
602 1889 795 1934 populum,
838 1888 1113 1924 nobilissimum

264 1947 388 1985 fuisse
425 1948 497 1985 sub
536 1947 680 1984 coelo?
717 1946 795 1983 Aut
831 1957 944 1992 quem
982 1947 1018 1982 in
1048 1947 1114 1983 illo

265 2007 402 2054 triplici
433 2017 624 2044 concursu
662 2006 863 2053 sanguinis
891 2016 915 2042 a
943 2006 1115 2051 qualibet

266 2066 393 2103 mundi
423 2068 534 2112 parte
563 2066 599 2102 in
634 2076 747 2102 unum
790 2065 925 2107 virum,
955 2064 1116 2110 praede-

265 2126 424 2162 stinatio
454 2125 584 2162 divina
613 2124 779 2161 latebit?

1189 333 1260 370 che
1289 335 1312 370 ὲ
1349 335 1455 370 stato
1489 333 1599 370 detto
1636 334 1700 379 piu
1738 343 1876 379 sopra;
1905 344 1927 370 e
1965 331 2036 371 elie

1189 385 1299 423 fosse
1327 397 1400 424 sua
1427 387 1612 424 consorte
1631 387 1671 424 lo
1690 387 1879 424 attestail
1900 389 2037 424 nostro

1191 439 1316 476 Poeta
1345 441 1407 476 nel
1438 443 1547 477 terzo
1568 439 1830 482 dell’Eneide,
1845 440 1948 477 dove
1964 439 2039 477 An-

1190 492 1375 530 dromaca
1414 494 1604 530 chiedeva
1646 494 1695 532 al
1740 493 1848 530 Enea
1893 493 2036 530 notizie

1189 546 1226 582 di
1255 557 1328 583 suo
1356 546 1466 593 figlio
1494 546 1685 584 Ascanio:

1189 615 1252 642 (llie
1263 606 1301 642 ne
1311 615 1328 642 ὲ
1341 614 1528 642 d’Ascanio‘?
1541 615 1725 650 sopravvive
1739 623 1755 641 e
1770 614 1883 643 fruisee
1895 614 2037 642 dell'mia

1190 651 1327 678 Ascanio
1347 651 1403 678 ‹the›
1423 659 1439 678 a
1463 652 1490 678 le
1509 651 1623 684 genero
1645 655 1772 684 Creusa,
1799 651 1925 686 quando
1943 650 2037 678 Troia

1189 695 1241 713 era
1261 694 1377 713 ancora
1395 686 1555 714 fumante?

1244 743 1298 779 La
1327 741 1500 779 seconda
1519 741 1559 779 fu
1576 741 1743 784 Didone,
1764 742 1900 789 regina
1919 753 1941 779 e
1962 752 2037 779 ma-

1190 795 1258 832 dre
1292 795 1353 832 dei
1384 794 1631 842 Cartaginesi
1666 796 1701 831 in
1731 795 1875 839 African
1908 806 1931 832 e
1964 795 2035 832 che

1189 848 1299 885 fosse
1342 859 1413 885 sua
1442 851 1626 885 consorte
1668 850 1707 885 lo
1749 851 1881 886 stesso
1910 848 2036 885 Poeta

1189 904 1326 939 nostro
1347 903 1385 938 lo
1401 901 1557 948 predice
1582 902 1644 938 nel
1669 903 1821 948 quarto,
1845 903 1927 939 cosi
1954 912 2037 947 par-

1189 955 1306 992 lando
1336 956 1372 991 di
1399 954 1575 991 Didone.

1189 1023 1255 1050 Non
1288 1023 1401 1050 medita
1433 1023 1485 1064 piu
1507 1022 1626 1050 Didone
1658 1022 1772 1051 furtivo
1802 1031 1917 1054 amore,
1938 1022 2035 1052 mado

1189 1059 1309 1086 chiama
1341 1058 1508 1089 (ommino,
1530 1067 1546 1085 e
1566 1066 1623 1085 con
1646 1060 1757 1094 questo
1777 1058 1866 1085 titolo
1897 1066 1986 1086 ‹ert-a
2003 1057 2035 1085 ‹li
2073 1083 2076 1087 ,

1190 1094 1382 1122 nascondere
1401 1094 1430 1121 la
1451 1102 1509 1121 sua
1527 1094 1627 1129 colpu.

1241 1151 1368 1187 Terza
1423 1150 1564 1196 moglie
1606 1149 1647 1186 tu
1690 1149 1862 1192 Lavinia,
1903 1149 2036 1186 madre

1189 1204 1291 1251 degli
1322 1203 1458 1240 Albani
1480 1214 1502 1239 e
1524 1203 1697 1244 Romani,
1717 1202 1827 1250 figiia
1846 1202 1896 1239 ed
1915 1201 2035 1239 erede

1188 1258 1250 1294 del
1280 1268 1322 1293 re
1352 1257 1503 1298 Latino,
1533 1267 1576 1292 se
1606 1258 1629 1292 e
1658 1266 1754 1293 vera
1788 1256 1838 1292 la'
1865 1255 2036 1292 testimo*

1188 1311 1326 1347 nianza
1363 1310 1425 1346 del
1468 1312 1605 1346 nostro
1643 1309 1768 1345 Poeta
1797 1308 1886 1347 nell’
1903 1309 2034 1346 ultimo

1188 1364 1286 1400 libro
1315 1362 1576 1404 dell’Eneide,
1606 1361 1709 1398 dove
1738 1361 1779 1398 fa
1807 1363 1878 1398 che
1902 1362 2034 1398 Turno

1188 1418 1269 1454 cosi
1299 1417 1434 1463 preghi
1464 1415 1733 1465 supplicando=
1748 1414 1877 1452 Enea:

1189 1491 1247 1519 Hai
1267 1491 1361 1524 vinto;
1380 1499 1396 1516 e
1415 1490 1457 1525 gli
1478 1489 1598 1517 Ausoni
1616 1489 1723 1516 videro
1748 1488 1769 1516 il
1788 1489 1875 1516 vinto
1903 1488 2033 1516 teuderii

1189 1527 1215 1554 le
1236 1527 1346 1563 palme3
1367 1525 1497 1553 Lavinia
1515 1525 1531 1551 ὁ
1552 1527 1604 1552 tua
1624 1526 1779 1552 consorte.

1241 1589 1274 1625 E
1301 1589 1440 1634 questa
1460 1587 1593 1623 ultima
1608 1588 1792 1623 consorte
1807 1585 1850 1622 fu
1864 1584 1901 1622 d'
1913 1582 2034 1628 ltalia,

1188 1644 1226 1680 la
1250 1643 1312 1688 piu
1337 1641 1466 1678 nobile
1490 1640 1653 1687 regione
1677 1638 1885 1685 d‘Europa.
1907 1638 2037 1676 Ricor-

1188 1696 1279 1733 date
1309 1696 1447 1741 queste
1476 1704 1570 1730 cose
1600 1703 1623 1729 a
1651 1691 1818 1729 rendere
1851 1691 2034 1730 evidente

1189 1751 1226 1786 la
1255 1749 1502 1788 subassunta‚
1533 1746 1591 1783 chi
1620 1756 1696 1782 non
1718 1747 1741 1782 ὲ
1760 1755 1952 1791 persuaso
1971 1744 2036 1782 ab·

1187 1804 1376 1840 bastanza
1404 1801 1474 1837 che
1503 1800 1527 1836 il
1557 1799 1677 1845 padre
1706 1799 1769 1837 del
1789 1798 1942 1845 Popolo
1962 1797 2036 1835 Ro·

1188 1866 1301 1892 mano
1343 1866 1365 1891 e
1408 1864 1477 1900 per
1510 1862 1785 1899 conseguenza
1826 1852 1850 1887 il
1888 1851 2034 1898 popolo

1187 1912 1319 1946 stesso
1347 1907 1389 1943 tu
1418 1907 1442 1942 il
1471 1906 1535 1952 piu
1564 1905 1694 1942 nobile
1722 1907 1830 1941 sotto
1859 1904 1883 1940 il
1911 1903 2034 1940 cielo?

1187 1974 1212 1999 o
1241 1972 1264 1998 a
1292 1961 1350 1998 chi
1379 1960 1531 1996 restera
1560 1968 1704 1994 ancora
1723 1957 1876 1994 occulta
1895 1957 1932 1992 la
1951 1966 2034 2002 pre·

1187 2014 1454 2052 destinazione
1501 2011 1631 2048 divina
1676 2011 1712 2047 in
1759 2011 1848 2057 quel
1880 2009 2032 2055 duplice

1187 2068 1354 2106 afflusso
1383 2066 1420 2102 di
1462 2065 1592 2102 nobile
1627 2074 1777 2111 sangue
1810 2064 1847 2099 in
1885 2073 1935 2099 un
1974 2062 2032 2109 sql

1188 2132 1304 2159 uomo
1338 2120 1388 2156 da
1415 2118 1599 2165 qualsiasi
1629 2118 1740 2163 parte
1769 2116 1832 2153 del
1861 2113 2035 2152 mondo’?

359 2327 446 2366 Nec
469 2328 549 2365 iam
569 2326 770 2370 furtivum.
797 2331 905 2371 Verg.
931 2331 1022 2369 Aen!
1050 2330 1113 2369 IV,
1142 2330 1221 2361 171.

360 2399 526 2437 Lavinia
552 2403 571 2433 ὲ
596 2401 780 2434 rioordata
804 2401 891 2432 nell'
907 2400 979 2435 Ins.
1008 2401 1059 2432 IV
1085 2401 1142 2441 26,
1170 2400 1280 2441 Pnrg.
1309 2399 1427 2437 XVII,
1447 2399 1504 2438 37,
1521 2408 1541 2429 e
1566 2398 1626 2429 nel
1653 2396 1782 2429 Parad.
1810 2395 1875 2438 VI,
1902 2395 1937 2429 3.

361 2470 555 2508 &cisti-,0
583 2473 694 2513 Verg.
721 2473 810 2505 Aen.
835 2472 921 2514 XII,
950 2472 1031 2504 936.

357 2540 677 2588 praedestinatio
702 2540 852 2579 diuina.
861 2556 884 2577 .ι.
893 2567 900 2575 .

929 2543 1006 2577 Cfr.
1034 2542 1153 2583 Epist.
1181 2542 1224 2584 V,

1246 2542 1278 2573 7:
1293 2541 1338 2572 ad
1365 2541 1482 2581 Reges
1508 2540 1622 2570 Deum
1654 2538 1896 2570 Romanorum
1934 2537 2035 2569 Prin-

265 2606 383 2646 oipem
409 2603 701 2645 praedestinasse
726 2603 864 2635 relucet
889 2603 927 2634 in
955 2601 1059 2633 miris
1097 2601 1291 2633 effectibus

360 2672 545 2718 Europae
569 2671 734 2718 regione
758 2670 1044 2710 nob1‘11‘sst‘ma:
1068 2683 1087 2704 <‹
1103 2672 1132 2704 Il
1160 2671 1308 2712 giardin
1335 2671 1420 2703 dell'
1435 2672 1577 2711 Impero
1592 2665 1625 2701 ›'›.
