2248 3372
1018 4 1021 5 ⁷
1063 0 1099 15 ⁶:
1120 0 1135 10 ³
1159 10 1165 13 -
1186 0 1262 21 »ἵ-,π
1278 0 1378 18 *ds-*vs
1407 0 1437 17 f*

299 130 343 162 92
786 135 828 164 11,
852 139 1056 165 ‘ran-Tuo
1083 140 1213 167 Eunu
1238 141 1480 166 uommcum
1519 121 1523 123 ’

247 301 297 338 de
344 301 481 338 infossi
524 303 659 339 talenti
706 303 820 348 culpa
865 303 1098 349 quandoque

247 367 474 414 redarguar,
504 367 681 413 publicae
702 368 855 404 utilitai
884 379 961 405 non
982 368 1099 405 modo

246 434 486 478 turgescere,
525 432 694 477 quinimo
731 431 968 469 fructificare
1002 433 1100 470 desi-

246 496 354 538 dero,
385 498 426 533 et
453 497 666 534 intentatas
694 498 743 534 ab
773 498 858 534 aliis
886 487 1098 534 ostendere

244 562 446 598 veritates.
467 561 564 598 Nam
580 572 692 608 quem
712 561 877 599 fructum
892 562 1015 599 ferret
1034 563 1098 599 ille
1134 569 1136 599 l

244 626 307 672 qui
323 627 525 663 theorema
543 627 738 672 quoddam
760 627 942 664 Eucilidis
961 628 1097 664 iterum

244 691 562 728 demonstraret?
598 692 661 737 qui
691 692 739 728 ab
774 691 987 728 Aristotele
1017 691 1099 728 feli-

242 756 398 793 citatem
428 759 641 798 ostensam,
684 756 941 793 reostendere
985 767 1099 793 cona·

242 821 380 857 retur?
407 821 470 867 qui
499 823 741 858 senectutem
766 832 790 857 a
819 813 1013 858 Cicerone
1034 821 1098 858 de·
1133 859 1134 862 ,

242 884 405 927 fensam,
426 888 643 922 resumeret
663 885 974 923 defensandam?
1002 886 1095 922 Nul-

242 949 319 987 lum
348 951 503 996 quippe,
537 950 608 987 sed
637 950 833 989 fastidium
872 951 1002 996 potius
1030 951 1095 987 illa

241 1015 494 1061 superfluitas
507 1015 688 1052 taediosa
703 1017 936 1061 praestaret.
952 1014 1096 1060 Quum-

239 1091 315 1126 que
344 1081 446 1117 inter
483 1081 581 1117 alias
618 1081 808 1117 veritates
844 1081 1021 1117 occultas
1054 1083 1095 1117 et

239 1146 367 1186 utiles,
402 1146 628 1190 temporalis
665 1145 919 1182 Monarchiae
956 1146 1094 1182 notitia

239 1211 444 1247 utilissima
485 1211 546 1252 sit,
590 1212 631 1246 et
664 1211 827 1247 maxime
869 1211 1009 1252 latens,
1053 1212 1094 1247 et

203 1310 206 1313 ,
240 1277 401 1321 propter
429 1286 506 1312 non
536 1285 580 1312 se
609 1275 755 1312 habere
794 1274 1012 1312 immediate
1042 1275 1092 1311 ad

237 1340 382 1377 lucrum
412 1341 460 1376 ab
490 1340 668 1377 omnibus
705 1340 907 1382 intentata,
941 1340 978 1376 in
1007 1350 1093 1386 pro-

237 1406 368 1451 posito
410 1407 483 1447 est,
526 1405 624 1442 hanc
667 1404 716 1441 de
759 1404 841 1441 suis
882 1404 1090 1440 enucleare

236 1471 418 1513 latibulis,
447 1473 526 1507 tum
555 1472 597 1506 ut
625 1470 769 1506 utiliter
797 1468 938 1507 mundo
968 1469 1091 1514 pervi-

235 1536 364 1582 gilem,
385 1537 464 1571 tum
484 1535 600 1571 etiam
621 1537 663 1570 ut
682 1534 835 1580 palman
851 1534 946 1570 tanti
966 1534 1088 1570 bravii

235 1601 379 1646 primus
425 1600 461 1636 in
508 1609 632 1636 meam
678 1599 841 1646 gloriam
884 1598 1087 1644 adipiscar.

234 1730 456 1779 adgredior,
485 1740 562 1766 non
592 1731 669 1765 tam
689 1728 739 1765 de
769 1729 924 1774 propria
943 1728 1086 1764 virtute

233 1793 450 1837 confidens,
471 1804 583 1839 quam
605 1793 653 1834 de
674 1793 814 1829 lumine
844 1793 1025 1839 Largitor
1054 1793 1087 1829 is

233 1859 345 1901 illius,
375 1859 437 1904 qui
467 1858 534 1894 dat
583 1858 760 1894 omnibus
807 1856 1018 1894 affluenter
1045 1859 1087 1893 et
1121 1883 1123 1913 2

1159 1930 1280 1956 senza
1309 1918 1550 1956 rinfacciare.

231 1934 309 1960 non
339 1924 586 1969 improperat.

1172 306 1341 343 tacciato
1371 316 1420 342 un
1458 306 1598 353 giorno
1635 305 1673 352 d',
1683 316 1779 343 aver
1810 308 2025 344 sotterrato

1172 364 1197 400 il
1226 365 1388 408 talento,
1427 364 1610 404 desidero
1648 375 1724 401 non
1754 365 1842 402 solo
1874 365 1911 402 di
1941 356 2026 402 cre-

1172 433 1284 459 scere
1312 424 1501 470 vigoroso
1535 434 1558 460 a
1586 424 1766 469 pubbliea
1798 424 1934 467 utilita,
1963 435 2026 461 ma

1173 476 1294 512 anche
1332 476 1419 527 dar?
1438 476 1546 523 frutti
1574 488 1597 513 e
1630 476 2038 527 dimostrargyetim

1173 545 1250 571 non
1282 535 1357 573 mai
1376 535 1427 572 da
1446 536 1725 587 altsijentate.
1754 535 1881 573 Infatti
1909 536 2025 582 quale

1173 587 1295 624 frutto
1337 587 1630 634 apporterebbe'
1651 589 1721 626 *chi
1763 591 2024 627 nuovamente

1171 657 1358 683 cereasse
1387 647 1424 683 di
1454 647 1684 684 dimostrare
1713 658 1762 684 un
1791 650 1968 685 teorema
1986 646 2024 684 di

1173 705 1343 747 Euclide,
1373 717 1398 742 o
1418 707 1595 743 tentasse
1616 706 1653 742 di
1674 705 1850 743 additare
1879 717 2024 743 ancora

1172 774 1249 809 una
1277 765 1387 801 volta
1423 765 1462 801 la
1497 764 1644 801 felicita
1680 766 1746 812 gia
1782 764 1882 802 fatta
1909 776 2025 803 cono-

1171 828 1283 854 scere
1313 817 1363 854 da
1391 817 1616 861 Aristotele,
1656 829 1680 855 o
1709 818 1957 864 riprendesse
1986 819 2025 855 la

1171 875 1300 912 difesa
1337 876 1442 913 della
1477 877 1678 914 vecchiaia
1714 877 1780 924 gia
1816 879 2023 914 sostenuta

1171 935 1221 971 da
1250 934 1475 972 Cicerone?
1499 934 1622 972 Certo
1642 946 1786 974 nessun
1805 935 1940 979 frutto,
1960 946 2022 973 ma

1169 994 1360 1039 pluttosto
1387 995 1479 1031 noia
1510 1005 1535 1031 e
1563 994 1722 1032 fastidio
1750 1005 1800 1033 ne
1827 995 2020 1033 verrebbe

1169 1053 1272 1089 dalla
1292 1063 1364 1090 sua
1393 1052 1593 1099 superflua
1611 1052 1742 1090 fatica.
1772 1053 1829 1090 Ed
1849 1053 2020 1091 essendo

1168 1105 1229 1142 fra
1271 1107 1307 1142 le
1350 1107 1448 1143 altre
1490 1107 1616 1143 verit'a
1655 1106 1807 1143 occulte
1849 1106 1899 1144 ed
1927 1107 2021 1151 utili,

1168 1165 1374 1202 utilissima
1407 1165 1456 1202 ed
1499 1166 1603 1202 assai
1646 1166 1799 1202 occulta
1841 1166 1879 1202 la
1905 1175 2022 1203 cono-

1168 1234 1312 1260 scenza
1357 1224 1460 1261 della
1506 1224 1736 1261 Monarchia
1790 1225 2019 1270 temporale,

1128 1273 1131 1320 ζ
1166 1284 1342 1331 negletta
1384 1284 1480 1329 pero
1522 1283 1573 1319 da
1613 1283 1714 1325 tutti,
1757 1283 1899 1329 perche
1940 1290 2018 1322 nou

1165 1342 1215 1378 ha
1253 1343 1288 1378 in
1318 1344 1363 1379 se
1392 1352 1441 1378 un
1480 1341 1701 1379 immediato
1737 1342 1965 1389 vantaggio,
1994 1343 2018 1379 e

1166 1395 1241 1432 mio
1285 1395 1487 1441 proposito
1529 1395 1650 1432 trarla
1694 1394 1797 1432 fuori
1839 1394 1901 1432 dal
1943 1405 2017 1432 suo

1165 1454 1446 1502 nascendiglio,
1467 1454 1526 1490 sia
1550 1453 1693 1499 perche
1723 1454 1758 1490 le
1784 1453 1858 1490 mie
1886 1453 2018 1500 vigilie

1164 1513 1346 1550 riescano
1374 1512 1411 1549 di
1432 1511 1594 1558 profitto
1621 1512 1656 1549 al
1686 1511 1841 1555 mondo,
1871 1512 1929 1548 sia
1948 1522 2018 1558 per

1164 1572 1356 1618 riportare
1400 1572 1534 1618 primo,
1567 1582 1640 1608 con
1684 1571 1758 1607 mia
1798 1571 1937 1618 gloria,
1979 1571 2018 1608 la

191 1700 194 1706 Ι
234 1663 405 1701 Arduum
447 1665 588 1710 quippe
631 1674 731 1710 Opus
759 1666 800 1700 et
841 1663 941 1699 ultra
982 1663 1089 1700 vires
1124 1638 1127 1685 Ξ
1164 1626 1292 1670 palma
1321 1624 1358 1661 dl
1383 1635 1465 1662 cosn
1494 1624 1642 1672 grande
1672 1626 1854 1661 certame.
1883 1622 2017 1660 Arduo

1162 1684 1331 1730 compito
1374 1694 1543 1726 assumo,
1578 1683 1780 1729 superiore
1822 1683 1898 1719 alle
1941 1682 2016 1719 mie

1160 1742 1283 1786 forze,
1313 1742 1549 1787 confidando
1569 1752 1646 1778 non
1670 1743 1781 1778 tanto
1809 1741 1913 1778 nella
1941 1741 2017 1778 mia

1160 1803 1262 1838 virtu
1290 1804 1436 1847 quanto
1465 1802 1683 1838 nelIa‘iuce
1713 1799 1750 1837 di
1779 1801 1868 1846 quel
1887 1799 2017 1841 Dona-

1159 1864 1245 1897 tore
1266 1862 1336 1897 che
1358 1871 1381 1897 a
1401 1861 1487 1896 tutti
1504 1860 1701 1907 elargisce
1721 1859 2014 1904 copiosamente

325 2164 377 2202 de
401 2163 558 2206 infossi
578 2162 721 2200 falens}
745 2161 908 2207 culpa...
949 2165 1001 2195 La
1027 2163 1199 2204 parabola
1236 2162 1295 2193 del
1334 2171 1439 2193 servo
1477 2161 1584 2201 pigro
1621 2170 1641 2192 e
1678 2159 1864 2201 malvagio
1902 2169 1922 2190 e
1948 2160 2013 2200 qul

230 2225 344 2246 unum
370 2215 550 2246 talentum
576 2215 766 2253 acceperat
782 2215 818 2244 et
844 2212 969 2243 abiens
995 2211 1090 2243 fodit
1114 2211 1153 2242 in
1180 2213 1314 2242 terram
1333 2219 1367 2250 »,
1405 2218 1512 2240 senza
1538 2210 1653 2240 tratre
1678 2207 1787 2240 alcun
1812 2206 2014 2248 vantaggio

230 2262 291 2294 dal
317 2265 436 2294 tesoro
462 2260 671 2301 affidatogli
696 2260 757 2292 dal
783 2260 956 2300 padi-one,
984 2259 1004 2290 ὸ
1029 2260 1177 2290 narrata
1201 2257 1248 2288 da
1273 2255 1309 2288 S.
1337 2256 1489 2298 Matteo,
1516 2264 1548 2288 e.
1577 2255 1680 2286 XXV
1705 2264 1743 2287 v.
1771 2254 1886 2290 14-30.

322 2317 514 2364 pubh'cae
551 2315 711 2354 υΙῘΙῘΙᾶΙῘ
743 2325 825 2353 non
852 2313 975 2352 modo
1010 2314 1253 2359 turgescere.
1289 2315 1422 2354 Queste
1447 2324 1466 2346 e
1492 2315 1526 2345 le
1552 2313 1724 2354 segmenti
1749 2312 1874 2354 parole
1898 2313 2014 2344 mani·
2046 2339 2050 2344 ,

230 2368 373 2400 festano
389 2369 427 2399 in
447 2368 564 2399 Dante
581 2376 654 2398 una
672 2366 794 2398 sioura
818 2365 1006 2397 eoseienza
1025 2364 1084 2395 del
1102 2373 1169 2395 suo
1186 2363 1321 2395 valore.
1339 2362 1370 2393 N
1374 2372 1447 2394 um.
1470 2361 1575 2392 XVII
1593 2361 1613 2392 8
1635 2360 1812 2402 (turgidis
1827 2358 2009 2402 gemmis).

323 2423 544 2461 insensatas
559 2423 613 2459 ab
631 2421 726 2459 81175
742 2420 957 2459 offendere
982 2419 1190 2457 vernales.
1212 2421 1322 2453 Come
1346 2421 1378 2452 si
1395 2420 1511 2452 debba
1528 2419 1718 2451 intendere
1737 2420 1866 2459 questo
1883 2419 2009 2460 vante,

229 2474 296 2507 ohe
322 2474 463 2506 sembro
490 2473 535 2504 ad
561 2473 685 2504 alouni
711 2474 913 2512 esagerato,
946 2471 965 2501 e
991 2470 1092 2502 detto
1117 2479 1146 2507 a
1165 2477 1251 2509 pag.
1280 2469 1338 2499 41.

325 2521 356 2552 Il
383 2521 557 2562 proemio,
585 2529 691 2551 meno
716 2518 880 2550 modesto
905 2517 945 2549 di
969 2517 1093 2557 quello
1117 2516 1177 2548 del
1203 2514 1385 2547 Convivio
1410 2524 1429 2545 e
1454 2514 1514 2545 del
1539 2513 1592 2544 De
1620 2513 1765 2554 vulgari
1790 2511 2011 2553 eloquentia,

228 2570 263 2601 oi
288 2568 469 2600 riehiama
493 2567 568 2608 alla
593 2567 769 2598 memoria
793 2566 807 2597 i
833 2565 953 2597 versi:

465 2637 506 2670 L'
520 2647 636 2678 aequa
660 2636 717 2668 ch’
731 2637 768 2668 io
792 2635 931 2676 prendo
957 2633 1133 2675 giammai
1158 2642 1230 2664 non
1257 2632 1288 2663 si
1313 2641 1426 2671 corse,

559 2684 727 2716 Minerva.
752 2683 852 2724 spira.
889 2692 907 2713 e
933 2680 1148 2715 eonduoenii
1174 2676 1320 2720 Apollo,

562 2731 591 2762 E
618 2740 711 2763 nove
736 2730 840 2762 Muse
867 2729 917 2760 mi
942 2729 1146 2761 dimostran
1172 2726 1196 2758 1’
1207 2727 1308 2758 Orse.

1510 2725 1640 2757 Farad.
1669 2723 1717 2764 11,
1743 2722 1818 2756 7-9.

320 2805 498 2848 Euclide,
524 2808 664 2840 famoso
680 2808 866 2848 geometra
883 2805 943 2838 del
959 2815 1031 2837 see.
1053 2803 1110 2836 III
1126 2813 1185 2836 av.
1200 2803 1261 2835 Cr.
1276 2799 1403 2847 autore
1421 2802 1521 2843 degli
1538 2801 1721 2833 Elementi
1739 2799 1778 2831 di
1795 2798 2007 2840 geometria,

215 2857 388 2890 'adottati
413 2851 510 2888 nelle
534 2858 658 2888 nostre
683 2854 806 2887 seuole
832 2853 950 2885 medie
976 2853 1050 2884 fino
1075 2861 1096 2883 a
1122 2851 1230 2892 poohi
1255 2850 1344 2890 anni
1369 2859 1410 2881 or
1435 2854 1536 2881 so'no.

321 2913 375 2950 ab
400 2910 616 2949 Aristotele
634 2909 872 2953 felicitatem
898 2908 1144 2946 ostensem...
1175 2908 1379 2940 nell'Etiea
1404 2917 1423 2939 e
1441 2907 1501 2938 nei
1527 2905 1690 2946 politici,
1718 2905 1788 2937 due
1809 2913 1917 2944 opere
1941 2904 2008 2936 che

226 2963 321 3005 dopo
347 2963 508 2994 ventitre
533 2962 645 2994 seeoli
672 2955 824 2992 destano
849 2968 981 2991 ancora
1015 2958 1190 2990 interesse
1215 2956 1258 2987 ed
1286 2954 1556 2986 ammirazione.

320 3017 568 3055 senectutem
594 3027 618 3054 a
646 3016 843 3054 Cicerone
868 3013 1110 3056 defensam..

226 3069 271 3101 de
300 3070 488 3100 senectute
505 3079 521 3098 n
529 3090 539 3099 .

1116 3040 1125 3050 .
1163 3014 1223 3047 nel
1249 3010 1343 3046 libro
1381 3012 1571 3055 intitolato
1609 3022 1628 3042 «ι
1654 3011 1747 3043 Cato
1781 3011 1908 3053 major,
1943 3018 2008 3042 seu
