2248 3372
98 363 110 377 ⁶
134 358 150 366 ,Α
193 291 304 359 Deus
331 318 369 358 l'n
398 319 529 370 medio
554 319 704 357 illorum
733 319 821 359 est,
836 327 922 354 cum
959 316 1045 362 ipse

132 404 134 407 ·
193 385 231 424 in
261 386 478 434 Evangelio
497 385 611 423 nobis
637 385 711 422 hoc
739 381 969 448 promittat?
998 381 1048 418 Et

193 452 226 490 si
255 449 366 490 Deu's
393 450 520 493 adest,
548 459 678 487 nonne
706 431 823 486 netas
851 449 914 484 est
946 446 1047 483 arbi-

194 508 292 555 trari'
302 516 485 554 iustitiam
513 504 765 552 succumbere
781 523 914 559 posse,
933 522 1047 572 quam

195 560 280 618 ipse
293 571 336 608 -in
351 572 499 607 tantum
515 568 649 616 diligit,
665 569 849 622 quantum
866 566 1047 612 superius

195 635 484 683 praenotatur?
512 634 562 671 Et
589 634 621 671 si
658 633 804 670 iustitia
841 632 878 668 in
916 631 1048 668 duello

179 701 448 751 -succumbere
476 699 620 746 nequit,
649 708 779 736 nonne
807 689 857 734 de
884 698 966 734 iure
991 707 1051 734 ac-

197 766 358 814 quiritur
384 765 488 812 quod
516 775 586 811 per
619 763 786 801 duellum
813 763 1051 809 acquiritur?

184 830 308 877 ,Hanc
334 831 540 869 veritatem
583 830 699 867 etiam
742 828 921 866 Gentiles
958 830 1050 865 ante

197 897 329 939 tubam
344 895 619 943 Evangelicam
639 894 946 942 cognoscebant,
966 904 1052 930 cum

163 990 165 996 ,
196 956 377 1013 iudicium
405 971 429 998 a
456 959 760 1020 fortunafduelli
797 959 1052 1005 quaerebant.

196 1025 311 1066 Unde
338 1027 440 1064 bene
470 1025 641 1072 Pyrrhus
670 1025 746 1067 ille,
776 1027 853 1060 tam
879 1024 1052 1061 moribus

141 1124 143 1126 ,
201 1091 448 1130 AEa'cidarum
476 1101 589 1137 quam
609 1090 799 1137 sanguine
819 1099 1052 1136 generosus,

198 1167 286 1195 cum
304 1156 426 1204 legati
446 1155 706 1193 Romanorum
726 1165 797 1201 pro
817 1154 1052 1191 redimendis

201 1213 366 1268 daptivis
402 1220 452 1259 ad
489 1221 592 1257 illum
634 1220 739 1257 missi
783 1218 950 1262 fuerunt,
990 1230 1052 1256 re-

202 1285 383 1334 spondit.

201 1352 264 1383 Nee
281 1353 324 1382 mi
341 1352 450 1382 aurum
468 1361 576 1389 posco,
596 1361 652 1380 nee
672 1352 711 1380 mi
732 1352 864 1388 pretium
879 1352 1053 1387 deder=tis;

200 1402 265 1426 nou
284 1394 643 1430 cauponantesbellum,
664 1394 718 1422 sed
739 1394 980 1427 belligerantes:

201 1435 293 1469 reno,
312 1444 376 1466 non
395 1444 482 1468 alu-o,
503 1436 598 1464 vitam
617 1444 780 1464 cernamus
801 1436 936 1474 utrique,

191 1485 298 1507 ,vosne
305 1477 381 1514 velit
387 1486 496 1510 atrine,
505 1486 633 1514 regnare
642 1477 734 1506 Hera:
745 1477 859 1513 quidve
870 1478 949 1506 ferat
972 1486 1053 1511 sors,

201 1518 537 1555 virmtessexperinmur.
553 1518 590 1546 Et
602 1519 662 1546 hoo
681 1519 774 1546 simul
794 1519 901 1555 accipe
919 1519 1052 1547 dietum:

143 1579 149 1587 2
201 1558 460 1596 quoium‘virtuti
478 1560 553 1588 belli
571 1560 697 1588 fortuna
715 1560 864 1596 pepercit,

203 1600 381 1629 eorumdem
402 1609 448 1629 me
466 1600 603 1628 libertati
620 1609 746 1637 parcere
766 1603 883 1629 certum
901 1603 970 1636 θεὶς

151 1657 156 1661 -
203 1641 288 1673 dono
299 1641 414 1671 ducite.
471 1659 476 1666 ι

205 1700 314 1741 Haec
342 1703 533 1752 Pyrrhus:
563 1703 706 1742 Heram
734 1706 906 1742 vocabat
920 1704 1055 1742 Fortu-

205 1778 305 1811 nam,
333 1779 446 1825 quam
475 1780 632 1807 causam
670 1771 807 1808 melius
835 1772 878 1807 et
910 1772 1055 1809 rectius

168 1879 176 1890 ..
194 1842 281 1870 -nos
307 1833 474 1873 divinam
494 1834 783 1872 Providentiam
803 1837 1056 1882 appellamus.

205 1897 318 1936 Unde
345 1902 514 1936 caveant
541 1900 706 1947 pugiles,
735 1911 784 1938 ne
813 1902 940 1948 pretio
969 1914 1058 1940 con-

205 1963 369 2001 stituant
395 1963 468 2002 sibi
497 1975 680 2003 causam:
721 1967 812 2013 quia
854 1977 930 2004 non
965 1969 1056 2006 tunc

302 2172 343 2211 1η
367 2172 604 2229 Evangelio.
634 2177 670 2210 S.
698 2178 837 2211 Matteo
863 2179 1090 2222 XV111,20

972 149 1112 175 &ARTE
1138 148 1168 174 11

1119 312 1196 350 Dio
1225 314 1248 349 e
1277 314 1474 358 presente,
1495 314 1518 349 e
1538 311 1647 350 forse
1663 313 1782 350 lecito
1811 313 1975 350 credere

1119 378 1191 415 che
1234 387 1356 424 possa
1407 378 1662 415 soccombere
1713 378 1751 415 la
1793 378 1974 426 giustizia

1120 442 1281 490 ch‘Egli
1324 453 1411 479 ama
1453 445 1564 480 tanto
1607 446 1753 489 quanto
1791 454 1911 490 sopra
1949 445 1973 481 ὲ
2031 432 2033 434 ,

1119 508 1293 554 notato?
1331 508 1363 544 E
1400 519 1444 545 se
1482 508 1520 544 la
1554 508 1734 555 giustizia
1776 519 1853 546 non
1897 510 1975 555 pub

1121 573 1376 611 soccombere
1406 562 1474 610 nel?
1499 573 1643 615 duello,
1673 584 1749 610 non
1785 575 1817 611 si
1847 575 1977 620 acqui-

1122 641 1185 676 sta
1226 638 1335 676 forse
1373 638 1410 676 di
1453 639 1586 676 diritto
1627 640 1759 685 quello
1802 639 1873 676 che
1916 639 1976 676 col

1123 705 1255 742 duello
1283 706 1315 742 si
1345 706 1552 752 acquista?
1582 705 1737 750 Questa
1766 706 1892 742 verita
1907 716 1976 742 era

1123 773 1218 808 nota
1238 771 1360 808 anche
1381 771 1417 807 ai
1439 770 1583 808 Gentili
1599 771 1721 817 prima
1740 764 1844 807 della
1863 773 1977 808 trom-

1123 836 1175 874 ba
1194 837 1438 884 evangelica,
1467 836 1624 882 quando
1653 836 1897 873 chiedevano
1927 847 1977 872 un

1124 902 1294 950 giudizio
1323 902 1400 942 alla
1428 901 1587 939 fortuna
1615 901 1679 939 del
1718 902 1861 940 duello.
1893 901 1975 938 Ben

1125 973 1150 999 a
1185 962 1349 1009 ragione
1391 961 1547 1008 dunque
1591 961 1714 1003 Pirro,
1752 962 1883 999 nobile
1922 961 1981 998 sia

1125 1033 1196 1068 per
1237 1021 1400 1059 costumi
1453 1021 1513 1058 sia
1567 1032 1638 1067 per
1678 1032 1832 1068 sangue
1875 1020 1981 1068 degli

1127 1081 1259 1118 Eacidi
1288 1081 1442 1127 rispose
1463 1081 1540 1128 agli
1562 1081 1837 1118 ambasciatori
1863 1080 1982 1116 invia-

1126 1141 1209 1188 tigli
1238 1151 1309 1186 per
1338 1141 1363 1176 il
1392 1140 1554 1177 riscatto
1584 1139 1647 1183 dei
1676 1140 1928 1187 prigionieri:

1200 1231 1214 1246 «
1232 1221 1301 1249 Non
1320 1221 1470 1257 pretende
1489 1229 1555 1251 oro.
1576 1221 1615 1248 ue
1641 1221 1681 1248 mi
1709 1220 1816 1248 darete
1836 1229 1878 1248 un
1898 1228 1979 1248 com-

1128 1277 1237 1304 penso;
1257 1277 1320 1296 non
1340 1268 1636 1307 merceanteggmndq
1652 1268 1683 1296 la
1702 1276 1815 1304 guerra
1834 1276 1883 1295 ma
1896 1276 1984 1302 guel·-

1127 1315 1296 1351 reggiando
1316 1316 1364 1344 col
1376 1317 1457 1344 ferro
1473 1325 1489 1344 e
1503 1325 1565 1344 non
1581 1315 1723 1348 eoll’oro‚
1738 1315 1890 1343 ambedue
1904 1323 1985 1343 eom-
2038 1331 2041 1336 ·

1127 1361 1278 1391 batliamo
1309 1363 1491 1399 esponendo
1519 1363 1550 1391 la
1570 1363 1634 1391 vita
1652 1371 1708 1399 per
1726 1363 1849 1395 vedere,
1869 1371 1904 1390 se
1924 1362 1985 1390 Era

1127 1410 1232 1446 voglia
1259 1410 1334 1438 dare
1353 1419 1373 1438 a
1392 1419 1438 1438 me
1458 1419 1477 1437 0
1497 1419 1515 1438 a
1534 1410 1586 1438 voi
1615 1410 1636 1438 il
1656 1419 1771 1446 regn03
1801 1409 1850 1437 col
1878 1409 1984 1437 valore

1127 1458 1380 1494 §perimentiamo
1411 1458 1498 1494 quali
1529 1458 1633 1486 eventi
1673 1458 1797 1493 apporti
1829 1457 1860 1485 la
1888 1459 1982 1484 sorte.

1128 1505 1288 1534 Ascoltate
1308 1506 1319 1533 i
1338 1505 1410 1534 miei
1428 1506 1521 1534 detti:
1542 1506 1584 1534 ho
1604 1505 1744 1533 stabilito
1763 1505 1796 1532 di
1815 1504 1985 1532 concedere

1128 1553 1160 1581 la
1178 1553 1290 1581 liberta
1308 1562 1328 1581 a
1346 1554 1419 1590 quei
1438 1553 1577 1581 valorosi
1598 1553 1654 1581 che
1669 1553 1780 1581 furono
1794 1552 1985 1589 risparmiati

1128 1601 1214 1631 dalla
1233 1603 1377 1636 sortuna;
1398 1602 1581 1638 porlateveli
1599 1602 1652 1629 vin.
1670 1602 1703 1629 in
1722 1601 1807 1629 dono
1825 1611 1852 1628 ».

1129 1670 1226 1708 Cosl
1265 1671 1402 1715 Pirro,
1432 1682 1454 1708 e
1484 1671 1587 1708 dava
1615 1671 1639 1707 il
1678 1680 1793 1707 nome
1831 1668 1985 1707 diVEra
2031 1668 2033 1670 ’

1129 1731 1207 1768 alla
1243 1730 1429 1772 Fortuna,
1469 1731 1539 1767 che
1577 1730 1642 1767 noi
1681 1729 1824 1777 meglio
1860 1739 1883 1766 e
1921 1728 2007 1774 piu,

1128 1791 1390 1838 giustamente
1419 1790 1646 1827 chiamiamo
1676 1789 1807 1826 divina
1827 1788 1987 1825 Provvi-

1129 1845 1267 1887 denz'a.
1297 1849 1373 1886 Per
1401 1850 1439 1886 la
1467 1849 1556 1896 qual
1600 1856 1695 1886 cosa
1724 1849 1756 1885 si
1793 1847 1986 1896 guardino

1128 1910 1230 1946 bene
1248 1909 1256 1945 i
1273 1908 1524 1946 contendenti
1542 1908 1605 1945 dal
1622 1908 1801 1954 proporsi
1818 1918 1867 1944 un
1888 1917 1986 1943 com-

1129 1978 1273 2024 penso,
1306 1969 1448 2014 perche
1492 1969 1616 2005 allora
1644 1978 1721 2004 non
1751 1967 1783 2004 si
1813 1966 1986 2024 avrebbe

299 2243 394 2282 81112
416 2244 552 2282 tubam
575 2244 863 2292 Evangelicam
887 2251 907 2282 ὸ
932 2251 969 2283 la
993 2251 1084 2284 tuba
1108 2250 1233 2284 Sancti
1259 2251 1433 2292 Spiritus,
1451 2252 1504 2284 De
1531 2253 1629 2284 Mon.
1660 2253 1690 2295 1,
1723 2253 1778 2285 18.

300 2313 388 2353 Nec
411 2315 468 2353 ml‘
488 2326 636 2360 aarum,
661 2317 738 2354 elc-
763 2320 840 2353 Con
865 2322 952 2362 ogni
977 2322 1201 2363 probabilita
1226 2323 1347 2364 questi
1373 2325 1469 2356 versi
1513 2333 1602 2356 sono
1639 2324 1787 2364 desxinti
1827 2324 1888 2355 dal
1929 2323 1983 2355 De

209 2375 312 2410 ono.
338 2376 367 2418 1,
394 2378 448 2418 12,
475 2378 655 2418 pinttosto
680 2379 747 2411 ohe
765 2375 872 2433 'dalla
896 2380 1060 2413 Oronaoa
1083 2381 1123 2414 di
1148 2382 1283 2414 Ottone
1308 2382 1347 2414 di
1375 2382 1560 2424 Frisinga.
1586 2384 1679 2416 dove
1708 2393 1796 2424 pure
1821 2383 1988 2415 trovansi

201 2435 331 2500 Χοἰθκιῦὶ.

280 2504 451 2543 <Herem
475 2506 654 2544 vocabat
673 2505 887 2545 Fortunam
911 2484 1087 2554 quarn...

1115 2519 1196 2547 nos
1212 2509 1390 2549 divinam
1399 2510 1697 2557 providentiam
1715 2510 1986 2557 appellamus,

210 2565 286 2599 crr.
313 2566 384 2599 Ins.
412 2567 496 2607 VII,
521 2568 566 2600 67
593 2577 674 2610 sgg.
702 2579 722 2601 e
747 2570 1010 2610 spooiahnente
1035 2571 1156 2604 85-87.

682 2639 815 2673 Vostro
841 2650 947 2674 suver
971 2651 1042 2674 non
1069 2642 1118 2675 ha
1142 2644 1328 2675 conti-asto
1354 2654 1376 2675 a
1401 2644 1473 2676 lei:

636 2697 720 2730 Ena
744 2699 940 2740 provvede,
965 2700 1118 2741 giudioa
1141 2711 1161 2732 e
1186 2711 1362 2743 pei-segma

635 2757 707 2791 Suo
733 2767 855 2799 regno,
881 2767 981 2791 nome
1007 2759 1035 2791 il
1062 2760 1140 2792 loro
1165 2760 1219 2802 gli
1245 2761 1331 2793 altri
1364 2761 1445 2793 Dei.
