2248 3372
255 159 322 194 132
412 161 414 163 ’
737 169 779 194 11.
803 170 1006 196 TRATTATO
1030 171 1161 196 nmLLA
1186 172 1425 199 MONARCHIA

211 239 1058 258 ἊΜΛΛΜΛΛΝᾺΙΜ

204 333 273 375 tet,
316 333 431 379 quod,
476 334 517 370 ut
559 333 818 380 Philosophus
859 334 978 372 docet
1019 336 1054 371 in

204 392 335 437 primis
355 392 403 428 ad
423 391 716 430 Nicomachum:
744 409 761 425 «
776 393 864 431 Non
885 394 1057 431 similiter

203 450 240 487 in
270 452 371 488 omni
410 452 573 488 materia
602 452 795 490 certitudo
832 453 1057 499 quaerenda

204 511 277 552 est,
316 510 387 547 sed
429 511 639 548 secundum
683 512 787 558 quod
825 516 963 549 natura
1001 514 1056 550 rei

204 570 406 607 subiectae
435 571 623 615 recipit».
654 570 821 618 Propter
849 571 952 617 quod
982 571 1058 608 suf·

204 626 382 664 ficienter
410 631 640 676 argumenta
668 630 741 667 sub
770 630 930 667 invento
953 631 1059 676 'prin-

204 687 304 733 cipio
325 688 551 734 procedent,
581 689 612 725 si
630 700 679 726 ex
698 689 915 727 manifestis
935 690 1056 737 signis

204 748 321 793 atque
337 747 553 793 sapientum
570 749 866 786 auctoritatibus
882 750 941 786 ius
957 749 1057 786 illius

205 805 335 851 populi
381 806 542 853 gloriosi
594 810 815 853 quaeratur.
861 801 1057 845 Voluntas

203 864 356 910 quidem
386 865 459 902 Dei
489 876 559 912 per
577 877 622 903 se
651 866 852 903 invisibilis
881 870 962 904 est:
983 866 1076 903 sed-

203 924 409 962 invisibilia
438 924 523 968 Dei,
554 936 623 971 per
643 937 692 962 ea
712 937 812 972 quae
842 926 948 963 facta
969 928 1059 963 sunt

203 983 402 1020 intellectu
430 985 729 1030 conspiciuntur.
774 985 872 1022 Nam
903 986 1057 1022 occulto

204 1043 398 1089 existente
419 1044 559 1091 sigillo,
590 1055 680 1081 cera
700 1045 889 1091 impressa
909 1045 958 1082 de
980 1045 1057 1088 illo,

203 1103 379 1149 quamvis
413 1104 580 1146 occulto,
623 1103 741 1140 tradit
782 1105 955 1141 notitiam
986 1116 1060 1141 ma-

167 1191 170 1198 .
203 1161 407 1198 nitestam:
437 1172 510 1199 nec
541 1163 685 1206 mirum,
715 1164 746 1200 si
768 1163 898 1200 divina
926 1165 1060 1202 volun·

178 1270 181 1274 .
204 1222 272 1258 tasv
290 1232 360 1267 per
380 1222 491 1268 sign-2
521 1222 746 1268 quaerenda
775 1226 855 1267 est;
885 1235 998 1269 quum
1019 1226 1060 1261 et

204 1279 371 1317 humana
408 1282 518 1317 extra
556 1279 797 1332 [volentem],
827 1293 903 1319 non
947 1283 1059 1320 aliter

205 1350 318 1386 quam
347 1351 417 1386 per
459 1339 571 1387 signa
599 1343 791 1378 cernatur.

259 1466 315 1504 ΙΙΙ.
336 1466 434 1503 Dico
450 1466 566 1514 igitur
593 1466 642 1503 ad
657 1468 927 1514 quaestionem
955 1468 1059 1514 quod

163 1530 168 1536 '
208 1526 404 1563 Romanus
433 1527 599 1572 populus
641 1526 690 1563 de
719 1528 813 1570 iure,
847 1538 924 1564 non
955 1538 1060 1565 usur·
1090 1544 1093 1575 γ

206 1584 335 1631 pando
355 1585 595 1626 Monarcliae
616 1585 799 1629 officium,
820 1586 923 1632 quod
944 1586 1059 1633 Impe-

204 1645 298 1681 rium
319 1644 468 1687 dicitur‚
489 1644 562 1682 sibi
582 1655 701 1691 super
716 1655 852 1682 omnes
872 1646 1059 1683 mortales
1085 1656 1088 1660 ’

206 1703 381 1741 adscivit.
412 1703 530 1749 Quod
559 1703 711 1750 quidem
742 1705 863 1750 primo
889 1705 945 1742 sic
974 1716 1059 1751 pro-

124 1787 141 1801 <
203 1769 337 1806 batur:
380 1767 631 1805 Nobilissimo
674 1770 819 1815 populo
861 1771 1056 1813 convenit,

204 1828 382 1865 omnibus
410 1828 495 1864 aliis
524 1827 733 1873 praeferri:
766 1828 963 1866 Romanus
992 1840 1058 1875 po-

204 1887 318 1933 pulus
336 1886 408 1923 fuit
435 1886 717 1931 nobilissimus;
747 1897 844 1934 ergo
873 1888 1058 1925 convenit

206 1947 241 1983 ei
285 1946 370 1983 aliis
398 1946 575 1982 omnibus
612 1945 814 1992 praeferri.
847 1945 1058 1992 Assumpta

206 2005 358 2042 ratione
400 2005 607 2053 probatum
648 2015 736 2041 nam
778 2016 891 2050 quum
933 2006 1059 2042 honor

207 2059 258 2097 sit
285 2058 494 2105 praemium
523 2058 688 2101 virtutis,
725 2060 766 2095 et
795 2058 919 2096 omnis
946 2069 1058 2105 prae-

1128 338 1275 383 quanto
1304 338 1327 374 il
1357 338 1534 377 Filosofo
1571 340 1736 388 insegna
1764 342 1827 379 nel
1856 343 1979 389 primo

1130 390 1228 427 libro
1244 401 1267 427 a
1283 391 1510 430 Nicomaco:
1549 393 1663 431 «Non
1684 396 1706 431 e
1722 394 1773 431 da
1787 395 1978 433 ricercare

1129 444 1376 490 egualmente
1393 446 1428 482 in
1446 447 1536 493 ogni
1558 448 1719 485 materia
1733 448 1771 485 13
1790 451 1981 493 certezza,

1130 507 1191 534 ma
1234 508 1256 533 a
1291 499 1472 535 ,seconda
1513 501 1583 537 che
1627 497 1844 539 la'natura
1877 496 1981 540 della

1130 561 1225 587 cosa
1253 554 1441 599 soggetta
1469 553 1506 589 la
1534 554 1665 591 riceve
1686 569 1721 589 >›.
1761 554 1899 592 Percio
1919 556 2000 604 gl?

1131 605 1346 652 argomenti
1399 605 1697 652 procederanno'
1742 580 2004 700 sufficiente-J

1130 659 1258 694 mente
1301 658 1364 695 dal
1406 659 1590 706 principio
1632 663 1802 704 trovato,
1844 673 1889 699 se
1917 662 2000 708 dai*

1130 712 1240 758 segni
1288 711 1481 750 manifesti
1528 724 1550 750 e
1598 713 1872 752 dall’autorita
1917 711 2000 768 dei]

1130 771 1244 820 saggi
1273 771 1304 808 si
1334 772 1493 808 ricerchi
1523 772 1546 808 il
1577 773 1707 810 diritto
1736 773 1773 810 di
1793 775 1880 821 quel
1910 770 2000 821 po-'1

1130 825 1222 870 polo
1251 825 1440 872 glorioso.
1470 825 1525 862 La
1553 827 1670 864 volon
1691 829 1714 863 ὲ
1739 827 1776 864 (Ῑὶ
1806 827 1882 864 Dio
1910 812 2004 884 per}

1130 879 1175 914 se
1204 879 1227 914 e
1265 878 1467 921 invisibile,
1506 889 1567 916 ma
1596 882 1631 916 ie
1670 891 1763 918 cose
1802 881 2007 939 invisibili'1

1131 931 1167 967 di
1198 931 1273 967 Dio
1303 932 1333 968 si
1365 942 1561 978 scorgono
1590 934 1881 973 coll'intelletto
1911 945 1980 980 per
2007 953 2011 992 ι

1131 985 1195 1021 via
1233 985 1269 1021 di
1309 986 1435 1030 quelle
1473 986 1544 1022 che
1577 997 1677 1024 sono
1715 988 1818 1025 state
1867 987 1979 1024 fatte.
2010 993 2013 1035 ζ

1133 1037 1229 1074 Cosi
1250 1040 1372 1074 anche
1393 1049 1438 1075 se
1459 1039 1481 1075 il
1503 1039 1632 1086 sigillo
1660 1040 1805 1077 rimane
1826 1042 1980 1078 occulto
2011 1042 2013 1082 1

1132 1092 1169 1128 13
1198 1102 1268 1128 cer.
1336 1088 1337 1091 ’
1371 1102 1507 1137 pressa
1532 1103 1584 1130 ne
1613 1093 1664 1130 da
1691 1094 1836 1131 notizia
1869 1094 1982 1131 mani-
2011 1089 2014 1142 1

1131 1144 1247 1188 festa;
1277 1156 1299 1181 e
1331 1156 1405 1181 -on
1435 1145 1494 1182 c'e
1522 1145 1573 1183 da
1614 1147 1894 1195 meravigliarsi
1935 1158 1980 1184 se
2012 1143 2016 1179 1

1131 1198 1169 1234 13
1211 1198 1340 1235 divina
1385 1199 1547 1236 volonta
1585 1200 1616 1237 si
1650 1199 1751 1237 deve
1789 1198 1980 1237 ricercare
2011 1180 2016 1252 1

1132 1262 1201 1297 per
1248 1263 1379 1288 mezzo
1427 1252 1488 1288 dei
1536 1253 1621 1290 suoi
1668 1244 1811 1301 segni,‘
1838 1254 1980 1300 perche
2012 1254 2019 1302 1

1131 1305 1253 1341 anche
1282 1305 1319 1342 la
1343 1306 1504 1342 volonta
1524 1317 1664 1343 umana
1692 1308 1980 1344 esternamente
2018 1309 2027 1353 ἵ,

1131 1368 1208 1395 non
1238 1358 1269 1394 si
1304 1358 1405 1395 vede
1434 1359 1638 1396 altrimenti
1672 1360 1742 1396 che
1758 1370 1828 1406 per
1855 1361 1979 1407 segni.

1185 1472 1241 1508 ΙΙΙ.
1272 1471 1370 1508 Dico
1399 1471 1553 1517 dunque
1574 1482 1644 1518 per
1663 1472 1700 1508 la
1728 1473 1863 1509 nostra
1891 1483 1980 1518 que-

1131 1525 1259 1561 stione
1288 1525 1358 1562 che
1379 1525 1402 1561 il
1420 1525 1571 1570 Popolo
1593 1525 1768 1562 Romano
1779 1524 1816 1561 di
1836 1525 1978 1567 diruto,

1130 1588 1251 1615 senza
1265 1579 1482 1624 usurparlo,
1503 1579 1534 1614 si
1555 1579 1730 1624 acquisto
1759 1578 1919 1615 l’ufficio
1942 1578 1979 1615 di

1131 1631 1333 1674 Monama,
1377 1632 1483 1668 ossia
1525 1630 1548 1667 l'
1573 1631 1721 1677 Impero
1762 1642 1808 1668 su
1848 1631 1936 1667 tutti
1969 1631 1980 1666 i

1132 1685 1295 1722 mortali.
1340 1685 1371 1721 E
1412 1687 1552 1731 questo
1595 1685 1627 1721 si
1665 1695 1789 1731 prova
1829 1683 1980 1721 innanzi

1130 1740 1232 1776 tutto
1257 1740 1359 1775 cosi:
1389 1737 1435 1775 ΑΙ
1466 1738 1612 1784 popolo
1631 1738 1695 1784 piu
1716 1737 1846 1775 nobile
1874 1736 1982 1775 s’ad-

1130 1791 1215 1828 dice
1254 1802 1366 1828 esser
1399 1793 1586 1837 preposto
1624 1802 1647 1828 a
1689 1791 1776 1828 tutti
1799 1791 1852 1838 gli
1882 1791 1981 1834 altri;

1130 1845 1153 1881 il
1184 1845 1336 1891 Popolo
1366 1845 1542 1882 Romano
1570 1844 1612 1881 fu
1653 1845 1676 1881 il
1720 1845 1783 1890 piu
1824 1844 1981 1888 nobile3

1130 1898 1284 1944 dunque
1300 1899 1352 1945 gli
1367 1899 1499 1944 spetto
1529 1896 1680 1934 d’esser
1695 1899 1883 1943 preposto
1902 1897 1981 1944 agli

1131 1951 1230 1988 altri.
1242 1952 1297 1988 La
1312 1962 1513 1997 premessa
1524 1951 1725 1998 maggiore
1736 1950 1768 1987 si
1780 1959 1903 1996 prova
1919 1949 1978 1986 col

1131 2003 1445 2051 regionamento:
1468 2003 1646 2041 Essendo
1663 2003 1816 2040 l’onore
1833 2002 1980 2049 premio

1131 2057 1235 2095 della
1254 2058 1355 2095 virtu
1375 2057 1424 2095 ed
1444 2057 1615 2094 essendo
1640 2056 1731 2104 ogni
1751 2055 1980 2103 preferenza

303 2269 582 2318 philosophus
605 2270 733 2308 doces.
759 2274 846 2308 Eth.
875 2274 955 2306 Nic.
981 2274 1011 2316 1,
1041 2274 1075 2316 7,
1102 2274 1188 2308 leot.
1223 2275 1296 2306 11³.
1321 2274 1531 2305 Meminisse
1556 2274 1700 2313 oportet
1724 2271 1981 2304 certitudinem

211 2343 282 2364 non
310 2333 346 2363 in
374 2332 543 2363 omnibus
568 2333 741 2364 similiter
766 2334 969 2375 exquirere,
990 2333 1052 2364 sed
1079 2333 1116 2364 in
1143 2333 1303 2374 singulis
1328 2332 1526 2365 seeundum
1552 2332 1751 2364 subiectam
1777 2331 1980 2363 materiam.

307 2399 500 2438 voluntas
513 2400 673 2447 quidem
686 2400 809 2439 Dei....
835 2403 911 2436 Cfr.
940 2403 973 2435 S.
989 2404 1112 2436 Paolo.
1127 2404 1246 2444 Epist.
1263 2403 1308 2435 ad
1334 2403 1438 2435 Rom.
1455 2403 1485 2445 1,
1507 2414 1525 2433 «
1539 2403 1582 2434 20
1601 2401 1813 2434 Invisibilia
1826 2401 1948 2441 Ipsius
1961 2410 1983 2432 a

209 2465 376 2495 ereatura
401 2462 526 2494 mundi
552 2472 616 2502 per
641 2472 683 2493 ea
708 2472 800 2503 quae
827 2462 925 2494 facta,
950 2465 1036 2494 sunt
1063 2463 1254 2495 intellecta
1293 2462 1623 2502 oonspieiiintur»;
1649 2471 1668 2492 e
1699 2460 1774 2493 al'la
1799 2461 1870 2492 fine
1907 2459 1983 2492 del-

211 2521 395 2562 l’epistola
420 2519 482 2564 (V)
509 2522 545 2552 ai
571 2531 608 2553 re
633 2521 678 2553 ed
703 2522 739 2553 ai
764 2522 948 2562 principi:
977 2532 995 2552 «
1013 2521 1049 2552 Si
1065 2532 1086 2554 a
1111 2523 1278 2553 ereatura
1293 2520 1642 2553 inuudiinvisibilia
1654 2520 1800 2560 Deiper
1824 2529 1867 2552 ea.
1891 2528 1982 2560 qnae

212 2581 310 2613 taeta
336 2582 422 2613 sunt
448 2580 638 2612 intellecta
663 2581 942 2620 conspiciuntur
982 2583 1018 2612 et
1045 2581 1075 2612 si
1102 2590 1147 2612 ex
1176 2580 1380 2612 notioribus
1418 2580 1523 2611 nobis
1561 2579 1770 2619 innotiora3
1809 2578 1983 2610 similiter

214 2641 366 2673 interest
393 2641 571 2672 humanae
596 2639 910 2681 apprehensionis,
941 2642 981 2671 ut
1005 2650 1070 2680 per
1096 2626 1232 2671 motum
1259 2639 1352 2671 ooeli
1370 2640 1545 2671 lnotorem
1563 2639 1818 2679 intelligamus
1843 2639 1879 2670 et
1904 2637 1983 2669 eins

214 2700 310 2731 velle
322 2712 352 2731 »-
363 2699 445 2731 Pur
459 2686 673 2731 Lombardo:
688 2699 795 2730 homo
811 2699 885 2731 invi
893 2699 1019 2730 sibilia
1032 2698 1097 2730 Dei
1109 2699 1302 2730 intelleetu
1312 2698 1661 2740 inentisoonspieere
1670 2698 1793 2738 potuit
1802 2697 1862 2729 vel
1870 2698 1980 2728 etiam

207 2759 398 2799 oonspexit
425 2768 487 2799 per
511 2768 554 2790 ea
578 2768 670 2799 quae
696 2758 794 2790 faeta
819 2760 919 2792 sunt.
948 2758 1028 2790 Lib.
1056 2758 1084 2793 Ι,
1109 2758 1198 2792 dist.
1231 2758 1299 2800 111,
1327 2767 1358 2790 e.
1385 2758 1404 2789 7
1431 2758 1466 2790 b.
1496 2758 1549 2789 La
1574 2757 1724 2790 volonta.
1750 2756 1788 2788 di
1818 2756 1891 2787 Dio
1917 2751 2004 2796 piii'

213 2818 313 2851 volte
338 2818 397 2852 nel
425 2818 556 2852 Poema
573 2819 831 2862 eparagonata
855 2817 900 2852 ad
926 2827 977 2849 un
991 2817 1131 2859 sigillo.
1149 2818 1278 2853 Parati.
1294 2817 1377 2862 VII,
1406 2816 1474 2861 685
1502 2817 1604 2858 VIII,
1626 2815 1711 2859 1273
1738 2810 1911 2859 XI11‚{68,
1927 2815 1982 2848 75.
