2248 3372
357 155 424 187 166
849 161 890 185 IL
914 159 1117 195 TRATTATO
1142 158 1272 184 nmLLA
1299 158 1537 184 MONARCHIA
1900 167 1925 179 f>

305 230 2078 255 ΓΨΜΜΜΜΛΜΜΜΜΛΜΜΜΜ

305 329 370 365 nia
411 329 501 364 sunt
548 326 748 363 Ecclesiae
795 324 1016 366 facultates,
1064 322 1152 359 inde

304 387 569 428 subveniatur,
611 396 738 431 neque
767 384 816 421 ab
854 383 1051 421 offerente
1088 381 1156 418 lm-

305 446 414 492 perio
443 456 527 482 cum
555 444 792 492 gratitudine
830 445 1049 480 teneantur.
1081 441 1155 478 Re-

305 506 424 542 deant
443 504 546 541 unde
573 505 786 541 venerunt:
814 503 1007 539 venerunt
1039 501 1155 543 bene,

295 564 470 613 redeunt
516 558 640 606 male3
687 562 777 608 quia
822 562 924 598 bene
967 560 1072 602 data,
1116 562 1156 596 et

305 624 404 660 male
433 633 623 669 possessa
651 624 752 658 sunt.
774 620 878 666 Quid
909 619 957 656 ad
973 622 1156 665 pastores

304 682 440 719 tales?
482 681 598 727 Quid,
628 681 660 718 si
691 680 891 717 Ecclesiae
934 678 1154 715 substantia

305 740 458 784 diffluit,
497 741 585 776 dum
627 739 889 786 proprietates
926 737 1157 783 propinquo-

304 812 386 837 rum
428 810 586 837 suorum
629 797 931 864 exaugeantur?
959 795 1040 832 Sed
1082 795 1157 832 for-

304 870 375 896 san
419 859 556 896 melius
584 860 647 895 est
674 857 915 904 propositum
958 855 1155 901 prosequi,

305 922 346 956 et
387 919 459 956 sub
501 918 565 964 pio
594 917 749 954 silentio
778 915 999 952 Salvatoris
1035 914 1157 950 nostri

305 979 514 1024 expectare
543 986 778 1014 succursum.

359 1043 458 1079 Dico
488 1053 596 1089 ergo,
627 1040 731 1086 quod
760 1040 791 1076 si
813 1038 1157 1083 Romanumimpe-

305 1103 400 1138 rium
411 1101 460 1138 de
478 1102 559 1137 iure
576 1111 652 1137 non
668 1099 752 1141 fuit,
765 1098 944 1142 Christus
955 1096 1154 1134 nascendo

306 1161 566 1207 praesumpsit
594 1160 799 1196 iniustum:
828 1167 1076 1203 consequens
1096 1159 1158 1193 est

305 1220 458 1262 falsum,
488 1230 585 1266 ergo
623 1217 962 1255 contradictorium
1005 1218 1159 1252 antece-

307 1285 436 1322 dentis
477 1286 540 1321 est
580 1294 728 1320 verum.
758 1282 928 1319 Inferunt
970 1282 1069 1318 enim
1111 1291 1157 1316 se

307 1343 608 1381 contradictoria
627 1343 790 1379 invicem
816 1352 838 1377 a
858 1340 1053 1377 contrario
1073 1349 1159 1376 sen-

307 1414 365 1440 su.
394 1403 621 1439 Falsitatem
650 1400 927 1447 consequentis
946 1399 995 1436 ad
1014 1398 1157 1435 fideles

307 1462 518 1499 ostendere
547 1472 624 1498 non
654 1461 831 1506 oportet:
860 1469 948 1495 nam
976 1459 1009 1495 si
1027 1457 1158 1494 tidelis

307 1522 392 1567 quis
421 1523 495 1564 est,
522 1519 663 1556 falsum
704 1519 778 1555 hoc
820 1529 911 1555 esse
953 1516 1156 1559 concedit;

308 1588 348 1623 et
376 1587 408 1623 si
436 1596 513 1622 non
557 1579 748 1626 concedit,
777 1583 908 1620 tidelis
949 1593 1026 1619 non
1070 1583 1156 1624 est;

307 1648 348 1682 et
375 1646 408 1682 si
436 1644 566 1681 tidelis
594 1654 671 1680 non
692 1644 766 1686 est,
787 1642 836 1679 ad
857 1652 943 1678 eum
963 1641 1063 1677 ratio
1084 1641 1159 1677 ista

307 1715 384 1741 non
440 1703 650 1749 quaeritur.
708 1701 1040 1747 Consequentiam
1103 1700 1158 1736 sic

307 1763 501 1800 ostendo:
532 1761 762 1807 Quicunque
792 1759 948 1806 aliquod
991 1759 1157 1796 edictum

307 1833 357 1858 ex
398 1822 590 1858 electione
638 1820 898 1866 prosequitur,
933 1818 1024 1854 illud
1066 1828 1157 1854 esse

306 1882 447 1918 iustum
463 1890 584 1926 opere
604 1873 836 1925 persuadet:
862 1880 913 1918 et,
934 1887 1048 1923 quum
1069 1887 1159 1922 ope-

306 1950 350 1976 ra
378 1938 702 1985 persuadentiora
725 1938 802 1974 sint
822 1947 935 1982 quam
955 1946 1158 1972 sermones

308 2021 356 2025 —
387 2001 429 2035 ut
453 1997 691 2043 Philosopho
721 1997 851 2042 placet
877 1996 915 2031 in
945 1995 1086 2031 ultimis
1105 1995 1161 2031 ad

307 2059 592 2095 Nicomachum
606 2078 653 2082 ——
666 2056 790 2102 magis
806 2054 1028 2100 persuadet,
1045 2064 1158 2099 quam
1195 2091 1196 2104 χ

1195 2108 1196 2116 ’
1231 2111 1344 2149 vince
1379 2111 1500 2146 anche
1538 2110 1602 2155 piu
1639 2110 1709 2145 che
1738 2119 1782 2145 se
1812 2107 1990 2144 l’avesse
2019 2117 2083 2153 ap-

306 2119 338 2154 si
367 2127 548 2154 sermone
578 2115 827 2162 approbaret.
857 2113 938 2150 Sed
968 2112 1158 2155 Christus,

404 2326 602 2366 venerunt
622 2328 738 2364 bene.
767 2328 893 2360 Anohe
918 2327 977 2358 nel
1005 2326 1133 2358 Parad.
1159 2325 1240 2367 XX,
1270 2326 1327 2356 55.
1355 2324 1399 2356 D.
1425 2323 1610 2355 riconosoe
1637 2323 1673 2354 la
1710 2323 1830 2354 buoua
1867 2321 2076 2353 intenzione
2132 2335 2142 2339 -

305 2389 600 2439 ‹ILCostantino-
626 2388 701 2420 Csr.
731 2387 801 2419 Inf.
827 2386 928 2428 XIX,
962 2386 1040 2417 115.

1230 322 1266 359 ai
1295 323 1431 368 poveri
1461 333 1538 361 con
1563 323 1600 359 le
1629 325 1815 360 sostanze
1845 323 1948 361 della
1968 317 2085 361 Chiel

1229 386 1286 417 sa,
1315 376 1386 412 che
1428 387 1528 413 sono
1570 377 1655 413 loro
1697 376 1940 422 patrimonio,
1969 379 2020 414 ne
2046 377 2079 414 si

1230 430 1435 465 accettano
1459 440 1532 466 con
1566 429 1802 476 gratitudine
1830 429 1922 466 dall’
1932 429 2080 476 Impero

1229 482 1300 518 che
1347 483 1383 518 le
1439 481 1554 519 offre.
1594 482 1796 519 Ritornino
1851 479 2005 529 dunque
2042 483 2081 519 la

1229 534 1359 572 donde
1374 545 1634 580 provennero:
1651 546 1827 572 vennero
1842 536 1956 578 bene,
1972 536 2082 573 ritor-

1229 598 1332 625 nano
1361 589 1474 630 male,
1508 589 1669 635 giacche
1707 599 1829 626 erano
1866 590 1971 626 state
2004 589 2080 626 ben

1229 647 1321 684 date
1351 658 1373 684 e
1402 658 1502 684 sono
1531 648 1603 684 mal
1642 647 1869 694 possedute.
1900 647 1985 684 Che
2018 648 2083 684 im-

1230 703 1344 746 porta
1372 711 1395 736 a
1424 701 1534 737 simili
1577 701 1759 746 pastori?
1787 700 1873 738 Che
1916 702 2081 747 importa

1229 764 1274 790 se
1303 754 1341 790 la
1365 756 1550 790 sostanza
1570 753 1673 790 della
1693 753 1839 791 Chiesa
1859 754 1891 791 si
1911 754 2079 801 dilegua‚

1230 807 1374 852 purche
1411 806 1695 844 s'accrescano
1724 808 1760 844 le
1790 807 1989 853 proprieta
2017 807 2079 844 dei

1230 860 1415 906 parenti?
1443 860 1512 896 Ma
1548 859 1656 897 forse
1685 862 1708 897 e
1738 861 1880 907 meglio
1922 862 2079 897 tornare

1231 914 1266 950 al
1287 915 1423 950 nostro
1439 914 1737 958 proposito,ein
1758 914 1823 960 pio
1842 914 2003 950 silenzio
2024 915 2081 950 at-

1231 971 1394 1008 tendere
1406 972 1431 1007 il
1442 982 1630 1008 soccorso
1642 971 1703 1008 del
1712 974 1849 1009 nostro
1857 971 2080 1008 Salvatore.

1231 1025 1330 1061 Dico
1350 1025 1504 1070 dunque
1525 1025 1595 1061 che
1615 1035 1660 1062 se
1689 1024 1876 1071 l'·lmpero
1906 1025 2102 1062 Romano'
2156 1028 2159 1030 ’

1230 1089 1307 1114 non
1337 1077 1378 1114 fu
1407 1078 1445 1114 di
1465 1078 1608 1120 diritto,
1626 1077 1759 1114 Cristo
1778 1078 1978 1115 nascendo
1998 1088 2082 1124 pre-

1231 1142 1349 1173 sunse
1379 1142 1456 1167 una
1484 1142 1579 1168 cosa
1608 1131 1804 1178 ingiusta;
1832 1142 1894 1168 ma
1922 1132 1961 1168 la
1989 1141 2079 1168 con-

1231 1185 1405 1221 clusione
1434 1186 1457 1221 e
1486 1187 1616 1220 errata
1654 1195 1676 1220 e
1718 1184 1850 1230 percio
1880 1186 1902 1221 ὲ
1931 1194 2028 1221 vero
2056 1184 2081 1220 il

1230 1243 1554 1279 contraddittorio
1596 1243 1700 1279 della
1742 1253 1956 1289 premessa,
1999 1253 2083 1288 per-

1230 1297 1387 1332 ciocche
1438 1297 1474 1332 le
1526 1299 1714 1333 sentenze
1757 1296 2081 1333 contraddittorie

1230 1351 1371 1393 stanno
1386 1350 1422 1384 in
1444 1351 1584 1394 questo
1605 1348 1862 1385 vicendevole
1881 1351 2080 1395 rapporto,

1230 1403 1300 1439 che
1329 1413 1374 1438 se
1403 1412 1480 1438 una
1508 1404 1530 1438 e
1560 1401 1672 1444 falsa,
1690 1401 1867 1438 l'altra.e
1895 1413 2004 1438 vera.
2033 1401 2081 1442 Αἰ

1229 1460 1348 1498 fedeli
1377 1471 1453 1497 non
1483 1460 1542 1497 c’e
1570 1460 1738 1507 bisogno
1765 1460 1806 1497 di.
1832 1461 2014 1507 spiegare
2043 1461 2081 1496 la

1230 1514 1362 1551 falsita
1390 1514 1494 1550 della
1522 1515 1804 1560 conseguente.
1826 1512 1898 1550 Chi
1918 1514 1968 1550 ha
1987 1513 2079 1550 fede

1231 1567 1404 1604 concede
1446 1567 1517 1603 che
1546 1567 1605 1603 sia
1645 1566 1759 1609 falsa,
1789 1577 1811 1603 e
1840 1577 1885 1603 se
1926 1577 2004 1603 non
2041 1567 2081 1603 lo

1232 1620 1418 1663 concede,
1446 1621 1537 1656 vuol
1568 1619 1650 1656 dire
1692 1619 1763 1656 che
1792 1629 1870 1656 non
1898 1619 1948 1655 ha
1975 1618 2080 1661 tede,

1232 1679 1281 1716 ed
1311 1680 1434 1716 allora
1463 1689 1533 1724 per
1561 1679 1612 1715 lui
1641 1689 1718 1715 non
1739 1678 1771 1715 si
1801 1688 1915 1714 cerea
1942 1678 2083 1724 questa

1231 1733 1406 1780 ragione.
1441 1732 1496 1768 La
1524 1742 1800 1779 conseguenza
1829 1731 1866 1767 la
1894 1731 2082 1778 dimostro

1232 1788 1331 1823 cosi:
1353 1786 1542 1831 chiunque
1563 1785 1599 1821 di
1620 1795 1691 1822 sua
1706 1783 1868 1821 v'olonta
1884 1785 1915 1820 si
1935 1785 2083 1821 mostra

1231 1840 1469 1884 ossequente
1499 1838 1548 1874 ad
1578 1849 1626 1874 un
1656 1837 1779 1874 editto
1808 1838 1868 1874 col
1903 1836 2002 1873 fatto
2030 1837 2083 1873 in·

1231 1898 1329 1934 duce
1359 1908 1381 1934 a
1411 1898 1579 1933 ritenere
1599 1897 1670 1933 che
1690 1895 1840 1932 l’editto
1859 1896 1918 1932 sia
1936 1896 2081 1942 giusto,

1231 1962 1253 1987 e
1283 1951 1420 1996 poiche
1449 1950 1466 1986 i
1486 1950 1584 1995 fatti
1608 1959 1707 1986 sono
1728 1949 1823 1995 piu,
1838 1948 2086 1989 convincenti

1231 2005 1333 2041 delle
1354 2004 1495 2050 parole
1515 2025 1563 2029 —
1585 2013 1694 2039 come
1710 2002 1821 2048 piace
1846 2002 1882 2038 al
1902 2000 2080 2038 Filosofo

1232 2057 1320 2094 nell’
1337 2058 1469 2093 ultimo
1498 2056 1595 2093 libro
1625 2066 1648 2092 a
1677 2055 1886 2092 Nicomaco
1915 2076 1965 2094 —.
1994 2064 2082 2090 con-

399 2456 490 2495 θεά
504 2456 651 2500 forsan
677 2455 824 2492 melius
847 2454 916 2491 est
935 2452 1192 2499 propositum
1215 2450 1423 2497 prosequi.
1453 2454 1504 2484 Lo
1530 2452 1609 2484 fara
1633 2453 1720 2492 pero
1757 2460 1864 2483 senza
1901 2442 2081 2482 retioenze

305 2531 324 2553 e
350 2530 417 2552 oon
441 2519 567 2560 parole
591 2518 630 2550 di
657 2517 764 2549 fuooo
789 2517 888 2548 nella
913 2515 957 2548 D.
983 2515 1024 2546 O.
1053 2515 1165 2566 Purg.
1193 2512 1353 2544 XXXIII
1379 2522 1398 2543 e
1424 2512 1555 2543 Parad.
1584 2510 1703 2548 XXH,
1729 2509 1774 2541 82
1801 2519 1881 2551 sgg.

400 2588 443 2625 ut
464 2585 718 2631 philosopho
741 2583 934 2630 placet...

961 2586 1049 2617 Eth.
1077 2585 1157 2619 Nio.
1183 2584 1228 2622 X,
1258 2587 1273 2615 1
1302 2593 1320 2615 e
1347 2583 1400 2614 De
1425 2582 1523 2614 Mon.
1553 2582 1580 2621 Ι,
1610 2582 1664 2622 13,
1694 2590 1777 2622 pag.
1808 2581 1888 2614 117.

399 2658 478 2696 sub
501 2657 572 2704 ρίο
597 2656 775 2694 silentio.
821 2658 885 2689 «E
913 2667 949 2689 se
975 2666 1047 2688 non
1073 2655 1169 2688 fosse
1194 2655 1231 2686 la
1256 2654 1445 2686 riverenza
1482 2653 1577 2684 delle
1615 2662 1751 2684 somme
1789 2649 2078 2695 ohiavi».1nf.

305 2720 406 2762 XIX,
437 2720 516 2751 101.

400 2787 632 2825 §aleatoris
656 2785 789 2824 nostrl·
810 2784 1047 2831 exspectare
1070 2791 1322 2826 succursum,
1338 2784 1614 2824 rappresentato
1638 2781 1738 2813 nella
1755 2761 2078 2819 D.C.dalVe1t1-o‚

306 2851 367 2882 dal
392 2859 510 2882 messo
535 2850 675 2887 divino,
700 2849 760 2880 dal
787 2848 873 2888 dux3
899 2846 1029 2887 poiche
1056 2842 1111 2877 la
1114 2845 1290 2885 speranza
1315 2842 1354 2874 di
1381 2852 1429 2873 un
1454 2841 1733 2873 rinnova-mento
1770 2848 1841 2870 uon
1879 2838 1912 2870 si
1949 2847 2079 2878 spensa

305 2909 379 2941 mai
405 2910 442 2940 in
469 2908 602 2941 Dante.
