2248 3372
320 149 387 181 100

272 233 467 244 NUVQ

271 321 307 357 in
330 321 498 357 ultimum
526 320 655 363 finem,
685 321 813 357 omnia
846 331 969 367 opera
987 323 1124 357 nostra

272 386 510 428 ordinantur,
544 385 647 431 quod
676 387 739 422 est
766 396 842 431 pax
878 386 1122 429 universalis,

271 462 372 497 quae
416 462 486 497 pro
529 451 715 497 principio
756 451 947 488 rationum
991 451 1140 488 subse-‚

271 516 466 561 quentium
487 516 740 561 supponatur;
769 515 873 561 quod
885 518 970 552 erat
984 526 1120 552 neces-

272 581 426 622 sarium,
460 582 501 616 ut
529 579 670 616 dictum
704 579 788 622 fuit,
818 580 927 617 velut
968 580 1118 627 signum

271 645 497 691 praefixum,
515 645 551 681 in
567 645 672 691 quod
687 645 865 691 quicquid
881 644 1120 690 probandum

271 713 345 753 est,
361 710 593 752 resolvatur,
614 712 796 756 tanquam
825 710 861 746 in
891 709 1123 746 manifestis-

271 776 404 812 simam
425 762 642 811 veritatem.

326 864 354 899 V
378 864 491 910 (vn).
522 863 781 900 Resumentes
818 863 934 910 igitur
966 863 1070 909 quod
1099 874 1123 900 a

271 929 458 974 principio
501 928 713 970 dicebatur,
743 929 818 964 tria
854 928 1018 964 maxime
1057 927 1125 964 du-

270 994 453 1036 bitantur,
483 996 523 1030 et
552 990 727 1030 dubitata
755 995 993 1039 quaeruntur
1021 993 1123 1030 circa

272 1059 538 1095 Monarchiam
585 1059 849 1103 temporalem,

273 1124 433 1160 muniori
449 1123 642 1160 vocabulo
658 1125 900 1169 nuncupatur
914 1123 1123 1170 Imperium:

273 1193 313 1225 et
341 1188 390 1224 de
419 1189 489 1231 his,
528 1190 570 1224 ut
598 1188 835 1234 praedictum
869 1191 942 1230 est,
981 1199 1123 1235 propo-

271 1254 384 1290 situm
414 1257 477 1290 est
504 1254 576 1289 sub
619 1253 822 1300 assignato
851 1253 1037 1299 principio
1072 1254 1124 1290 in-

271 1319 516 1365 quisitionem
545 1317 678 1354 facere
707 1318 918 1355 secundum
947 1319 1021 1355 iam
1047 1321 1125 1355 tac·
1160 1313 1162 1359 ἶ

271 1387 350 1420 tum
389 1383 574 1420 ordinem.
612 1382 743 1428 ltaque
781 1383 902 1428 prima
943 1385 1123 1429 quaestio

272 1449 341 1485 sit:
373 1450 495 1484 utrum
534 1447 583 1483 ad
611 1448 714 1485 bene
743 1458 835 1484 esse
870 1449 997 1484 mundi
1041 1449 1125 1486 Mo·

272 1513 429 1549 narchia
458 1512 684 1558 temporalis
703 1513 927 1549 necessaria
947 1513 1008 1549 sit.
1039 1513 1124 1551 Hoc

273 1578 463 1624 equidem,
506 1578 611 1614 nulla
639 1577 686 1620 vi,
706 1577 868 1614 rationis
897 1579 959 1614 vel
990 1581 1124 1615 aucto·
1162 1626 1163 1640 ¹

273 1643 399 1679 ritatis
428 1644 624 1683 obstante,
663 1642 874 1687 potissimis
911 1645 952 1679 et
989 1646 1125 1689 paten-
1161 1643 1164 1693 l

909 1069 1010 1104 quae
1059 1069 1125 1095 co-
1161 1090 1162 1095 ,

814 156 856 181 IL
879 155 1082 181 TRA'rrA'ro
1106 138 1237 181 mcum*
1262 156 1501 186 MONAROHIA

1197 331 1220 357 a
1247 321 1307 357 cui
1336 331 1436 358 sono
1478 321 1656 359 ordinate
1699 325 1799 368 tutte
1841 324 1878 360 le
1910 326 2045 363 nostre

1196 390 1329 425 opere,
1359 380 1445 417 cioe
1465 381 1502 417 la
1531 391 1628 427 pace
1657 382 1892 425 universale,
1921 383 1993 420 che
2012 385 2045 421 si

1196 440 1379 475 ammette
1407 449 1518 476 come
1551 440 1737 486 principio
1771 440 1834 478 dei
1864 442 2048 489 regiona-

1196 497 1312 533 menti
1340 496 1427 534 fatti
1465 498 1502 534 in
1541 509 1743 545 appresso.
1788 499 1944 545 Questo
1977 511 2053 538 era

1195 556 1421 593 necessario
1433 557 1618 599 stabilire,
1630 569 1740 602 come
1761 560 1783 595 e
1799 561 1907 596 stato
1922 559 2046 603 detto,

1195 615 1310 660 quale
1340 625 1465 662 segno
1498 615 1668 662 pretisso
1698 627 1721 653 a
1749 618 1809 654 cui
1838 618 1870 654 si
1899 618 2047 655 ricorre

1196 684 1306 710 come
1335 684 1359 710 a
1381 675 1507 711 verita
1536 675 1816 720 patentissima,
1845 687 1915 722 per
1942 679 2046 715 tutto

1195 733 1326 778 quello
1342 733 1413 770 che
1425 733 1456 770 si
1468 733 1570 770 deve
1586 733 1818 772 dimostrare
1829 735 1865 771 in
1877 737 2046 783 seguito.

1250 821 1278 858 V
1303 822 1406 868 (vn).
1437 821 1721 859 Riassumendo
1742 823 1897 870 dunque
1917 824 2047 870 quello

1197 875 1268 910 che
1297 875 1329 911 si
1372 874 1510 911 diceva
1552 875 1610 912 sin
1653 875 1703 912 da
1745 876 1944 923 principio,
1987 879 2047 914 tre

1198 938 1297 964 sono
1334 928 1612 973 specialmente
1642 929 1652 965 i
1682 929 1798 966 dubbi
1819 941 1859 966 :e
1888 931 1925 967 le
1954 941 2047 976 que-

1197 980 1313 1017 stioni
1343 981 1497 1017 intorno
1536 982 1614 1018 alla
1646 982 1876 1019 Monarchia
1903 986 2049 1030 tempo-

1197 1040 1292 1081 rale,
1322 1039 1512 1076 chiamata
1549 1040 1614 1086 piu
1656 1045 1951 1079 comunemente
1980 1042 2047 1078 lm-

1185 1092 1314 1138 'perot
1353 1103 1375 1129 e
1405 1093 1442 1129 di
1479 1095 1630 1139 queste,
1655 1104 1766 1131 come
1804 1095 1836 1131 si
1874 1097 1897 1131 ὲ
1934 1095 2046 1132 detto

1197 1145 1360 1188 dinanzi,
1377 1148 1400 1182 e
1420 1146 1495 1183 mio
1525 1148 1728 1192 proposito
1746 1147 1832 1184 fare
1853 1148 2048 1196 indagine,

1181 1204 1389 1250 ‘partendo
1410 1204 1472 1241 dal
1498 1205 1684 1251 principio
1713 1208 1842 1252 posto,
1873 1207 2048 1244 secondo

1198 1257 1368 1294 l’ordine
1407 1261 1634 1295 accennato.
1673 1259 1812 1296 Percio
1851 1260 1888 1296 la
1926 1260 2048 1306 prima

1197 1311 1403 1356 questione
1441 1313 1542 1352 sara,
1581 1322 1625 1348 se
1659 1313 1694 1348 al
1730 1312 1946 1349 benessere
1984 1313 2048 1349 del

1198 1369 1340 1406 mondo
1378 1370 1437 1406 sia
1478 1371 1704 1407 necessaria
1740 1371 1779 1407 la
1819 1371 2049 1408 Monarchia

1198 1423 1426 1468 temporale.
1466 1422 1620 1467 Questo
1649 1424 1681 1460 si
1710 1425 1788 1469 pub
1817 1424 2048 1461 dimostrare

1198 1486 1271 1512 con
1292 1476 1516 1512 validissimi
1536 1487 1559 1512 e
1575 1477 1799 1513 chiarissimi
1816 1478 2048 1524 argomenti,

1160 1554 1163 1575 a
1197 1539 1274 1565 non
1305 1529 1472 1566 ostando
1511 1530 1649 1566 alcuna
1681 1529 1792 1566 forza
1820 1530 1856 1566 di
1886 1531 2049 1577 ragione

1198 1590 1248 1624 ne
1277 1587 1322 1624 di·
1352 1588 1532 1625 autorita.
1570 1588 1594 1624 ll
1633 1589 1754 1634 primo
1792 1589 1896 1636 degli
1934 1599 2050 1636 argo·
2110 1620 2117 1628 ..

1200 1641 1315 1677 menti
1358 1641 1625 1686 prendiamolo
1668 1641 1944 1679 dall’autorita
1986 1642 2049 1679 del

274 1708 432 1744 tissimis
478 1707 716 1754 argumentis
763 1708 916 1743 ostendi
965 1711 1126 1754 potegt3
1162 1696 1166 1736 ‘l
1200 1699 1361 1736 filosofo
1398 1701 1460 1736 nei
1498 1701 1583 1737 suoi
1623 1700 1786 1743 politici,
1814 1701 1954 1748 poich&
1987 1701 2050 1747 qui

275 1783 435 1818 quorum
465 1772 623 1817 primum
654 1774 701 1809 ab
737 1774 970 1810 auctoritate
1000 1773 1127 1811 Philo-

1201 1753 1394 1790 asserisce
1429 1754 1466 1789 la
1495 1753 1721 1790 veneranda
1758 1765 1831 1790 sua
1868 1755 2050 1797 autorita,

275 1838 385 1883 sophi
443 1840 662 1874 assumatur
708 1839 757 1875 de
804 1839 885 1875 suis
941 1834 1125 1876 Polilt'cis.
1201 1806 1271 1842 Che
1309 1806 1464 1851 quando
1498 1817 1561 1852 plu
1599 1817 1693 1843 cose
1731 1817 1831 1843 8⁰⁰⁰
1870 1807 2050 1843 ommate
2099 1825 2102 1827 ‚

275 1901 429 1938 Asserit
484 1903 584 1938 enim
640 1903 689 1939 ibi
750 1903 987 1940 venerabilis
1044 1905 1128 1940 eius
1164 1923 1166 1952 1
1201 1918 1287 1954 3013
1315 1928 1440 1964 regga
1482 1928 1503 1953 e
1545 1917 1650 1964 guidi
1679 1928 1702 1953 e
1731 1918 1767 1953 le
1810 1918 1908 1953 altre
1937 1917 2049 1954 siano

276 1968 501 2009 auctoritas,
531 1967 647 2013 quod,
677 1967 832 2013 quando
862 1969 990 2014 aliqua
1019 1970 1128 2014 plura
1165 1989 1166 1992 =

1201 1864 1251 1900 ad
1281 1875 1328 1900 un
1372 1866 1459 1901 solo
1502 1864 1593 1907 fine,
1637 1865 1828 1913 conviene
1871 1865 1943 1902 che
1973 1874 2050 1900 una

1202 1972 1303 2006 rette
1333 1981 1354 2006 e
1383 1970 1555 2017 guidate.

1578 2140 1592 2159 ἶ

372 2222 476 2257 quae
512 2213 738 2250 comum'ori
773 2213 974 2251 vocabulo
1011 2215 1263 2260 nuncupatur
1285 2215 1503 2261 Imperium.
1534 2218 1625 2263 Vodi
1660 2218 1695 2249 la
1721 2219 1808 2249 nota
1845 2209 1893 2248 al'
1918 2227 1950 2249 o.
1980 2216 2050 2251 ΙΙΙ.

372 2270 423 2308 de
447 2271 538 2308 SUI’S
562 2270 760 2309 ΡΟΙῘΙῘΟῘΞ.
799 2276 815 2306 Ι
842 2276 992 2311 Pontici
1017 2277 1055 2307 di
1081 2277 1280 2308 Aristotele
1306 2286 1394 2308 sono
1407 2277 1515 2309 citati
1539 2277 1603 2317 gis.
1628 2277 1687 2308 uel
1713 2276 1895 2308 Convivio
1908 2275 1988 2317 (IV,
2004 2275 2053 2318 4).

277 2333 476 2364 Aristotele
501 2334 521 2364 e
547 2333 647 2365 detto
673 2334 719 2365 da
745 2334 788 2366 D.
806 2346 822 2363 α
839 2334 865 2365 il
891 2337 1047 2366 maesti-0
1073 2335 1111 2366 di
1137 2335 1258 2367 coloro
1283 2336 1350 2367 ohe
1376 2345 1518 2367 sanno»
1538 2335 1625 2381 (ms.-
1653 2335 1717 2371 IV,
1735 2334 2008 2378 131);1uaestro
2033 2343 2053 2365 e

278 2391 372 2423 duca
397 2392 440 2422 de
466 2391 503 2423 la
527 2392 677 2432 ragione
702 2402 835 2424 umaua
861 2393 990 2433 (Conv.
1016 2393 1078 2433 IV,
1105 2392 1161 2436 6);
1187 2396 1344 2425 ula-estro
1369 2394 1412 2425 de
1438 2394 1475 2425 la-
1495 2395 1624 2431 ‚nostra
1650 2393 1728 2425 vita
1741 2392 1872 2435 (Conv.
1891 2392 1953 2433 IV,
1980 2391 2058 2434 23).

374 2470 537 2516 quando
563 2470 696 2517 ἃΙῘςυᾶ
719 2471 895 2517 plura...
924 2474 1128 2506 Cfr.Conv.
1157 2475 1220 2514 IV,
1246 2476 1281 2509 4:
1311 2475 1493 2514 «Quando
1517 2476 1582 2516 pin
1609 2485 1691 2507 cose
1708 2475 1842 2507 aduno
1867 2475 1938 2506 fine
1964 2483 2053 2507 sono

278 2532 457 2572 ordinate,
483 2542 556 2564 una
581 2533 619 2564 di
645 2533 766 2573 quelle
803 2533 979 2565 oonviene
1004 2543 1122 2566 essere
1147 2534 1335 2574 regolante
1361 2543 1495 2566 ovvero
1533 2535 1707 2575 reggente
1733 2544 1751 2565 e
1777 2535 1875 2566 tutte
1900 2534 1935 2565 le
1959 2534 2053 2566 altre

280 2593 373 2623 retiae
398 2601 417 2622 e
442 2592 604 2632 regolate
630 2592 677 2623 da
701 2592 824 2632 quella
838 2603 872 2628 ».
886 2592 961 2624 Con
987 2594 1114 2633 queste
1139 2593 1262 2632 parole
1288 2593 1469 2624 eominoia,
1482 2593 1597 2624 anche
1624 2593 1651 2624 il
1675 2593 1839 2633 proemio
1865 2592 1903 2624 di
1930 2591 1966 2626 S.
1987 2591 2053 2623 Το-

281 2660 381 2682 maso
405 2650 481 2682 alla
505 2638 724 2690 Met-afissioa,
750 2660 858 2691 sopra
883 2651 1115 2690 eitato,d6ve
1140 2650 1176 2683 al
1203 2651 1311 2683 verbo
1338 2651 1513 2692 semplioe
1538 2653 1557 2682 e
1584 2652 1774 2684 sostituita
1799 2651 1836 2683 la
1861 2651 1955 2683 frose
1988 2659 2054 2681 eaeo

277 2709 437 2749 reyulam
465 2710 531 2740 sive
556 2718 681 2749 reqens.
720 2709 749 2739 Ε
775 2709 810 2741 S.
837 2709 991 2741 Tomaso
1016 2709 1223 2750 aggiunge:
1250 2710 1346 2750 quod
1372 2710 1519 2751 quidem
1547 2713 1647 2751 patet
1673 2711 1712 2742 in
1738 2710 1874 2742 unione
1903 2709 2047 2740 animae

281 2769 318 2798 et
336 2767 510 2807 eorporis.
