2248 3372
983 158 1112 185 PARTE
1138 159 1183 184 11.

1898 13 1903 16 .
1922 5 1928 15 ι
2064 5 2070 13 ¹
2240 8 2243 10 >

1829 18 1841 29 Ἰ
1904 32 1912 42 ι
1927 31 1929 34 ’
1951 27 1980 42 'b
1990 19 2017 46 ”.·,-
2027 27 2053 38 '³
2075 24 2098 46 ‘f‘
2127 23 2129 25 Ι
2157 18 2174 36 “““
2198 35 2199 38 ’
2210 18 2248 47 Ἄπι

1988 55 2003 66 *r
2244 56 2248 59 .

184 384 300 421 etiam
329 382 523 427 Christus,
552 384 590 420 in
619 394 664 420 se
705 383 942 429 punitionem
972 393 1039 429 pa-

183 443 298 486 tiens,
326 442 432 480 dicat
458 443 495 480 in
525 443 706 485 Iohanne,
743 457 761 475 ‹<
784 441 1040 479 Consumma-

182 504 262 541 tum
290 503 354 540 est
370 517 389 535 »
407 512 416 546 ;
441 512 529 540 113111
549 502 613 539 ubi
639 503 944 539 consummatum
965 503 1038 545 est,

183 561 274 599 nihil
301 562 427 598 restat
454 560 660 609 agendum.
691 560 862 606 Propter
898 571 1039 597 conve-

182 619 366 657 nientiam
393 619 592 657 sciendum
635 611 758 666 quod'
782 619 931 665 punitio
960 630 1037 656 non

183 679 248 726 est
273 679 510 725 sempliciter
524 689 655 725 poena
674 679 848 716 iniuriam
869 672 1038 715 inferen-

182 733 258 776 tis;
286 731 358 769 sed
386 743 516 778 poena
544 731 692 769 inflicta
728 732 902 769 iniuriam
940 731 1038 769 infe-

182 791 281 828 renti
324 790 373 828 ab
416 791 588 828 habente
632 790 935 828 iurisdictionem
974 802 1039 837 pu-

181 843 323 882 niendi.
352 843 465 882 Unde
495 845 646 898 nisi'ab
676 842 873 882 ordinario
911 844 1036 882 iudice

181 894 311 951 poena
338 902 486 940 inflicta
514 904 575 946 sit,
605 905 752 950 punitio
772 915 850 941 non
871 906 944 947 est,
965 903 1037 942 sed

181 955 313 1002 potius
367 957 504 994 iniuria
564 959 627 994 est
689 957 868 994 dicenda.
922 957 1036 995 Unde

136 1043 143 1045 >
181 1015 338 1052 dicebat
364 1015 429 1052 ille
458 1016 615 1063 Moysi:
653 1031 670 1049 «
691 1016 790 1061 Quis
818 1019 868 1053 te.
897 1017 1038 1054 consti-

181 1074 254 1110 tuit
294 1073 478 1111 iudicem·
502 1085 622 1122 super
663 1076 771 1112 nos?
799 1091 817 1108 >›
857 1075 900 1112 Si
938 1087 1036 1123 ergo

0 1196 55 1241 εκ
181 1195 258 1222 non
291 1185 445 1229 fuisset,
489 1187 554 1224 illa
595 1198 725 1234 poena
767 1189 915 1234 punitio
957 1199 1035 1225 non

67 1244 77 1258 ⁸
180 1243 348 1282 fuisset:
378 1247 420 1282 et
446 1245 563 1283 iudex
596 1246 815 1284 ordinarius
846 1258 936 1284 esse
956 1258 1034 1284 non

180 1299 348 1343 poterat,
390 1299 461 1336 nisi
505 1310 623 1345 supra
665 1302 787 1337 totum
830 1301 1034 1338 humanum

149 1364 305 1403 ngenus
355 1357 658 1395 iurisdictionem
679 1348 687 1354 ‘
710 1360 871 1402 habens,
918 1371 1034 1406 quum

178 1466 322 1506 Christi
351 1467 545 1515 portantis
573 1471 739 1509 dolores
766 1476 928 1510 nostros
952 1493 967 1500 -
993 1475 1035 1509 ut

179 1527 235 1564 ait
247 1526 446 1574 Propheta
464 1550 477 1556 -
490 1530 553 1566 vel
569 1531 809 1574 sustinentis,
822 1533 1032 1577 puniretur.

179 1579 231 1616 Et
255 1591 375 1627 supra
402 1583 528 1619 totum
551 1583 757 1620 humanum
776 1596 903 1631 genus
923 1586 1035 1623 Tibe—

178 1633 259 1670 rius
288 1631 452 1678 Caesar,
483 1637 593 1673 cuius
621 1637 790 1674 vicarius
818 1642 904 1676 erat
933 1639 1033 1676 Pila-

103 1723 114 1730 „
179 1693 254 1735 tus,
282 1692 586 1738 iurisdictionem
615 1706 692 1732 non
722 1691 935 1741 habuisset,
960 1699 1032 1736 nisi

181 1743 392 1783 Romanum
437 1747 634 1793 imperium
663 1748 713 1786 de
755 1750 838 1787 iure
879 1750 1061 1790 fuisset.‘

179 1802 276 1841 Hinc
305 1807 367 1842 est
386 1806 490 1851 quod
513 1806 706 1857 Herodes,
729 1811 906 1854 quamvis
926 1811 1032 1858 igno-

7 1843 26 1907 ξ
58 1850 62 1854 ’
108 1871 113 1874 ·
177 1866 270 1894 rans
309 1858 400 1904 quid
442 1858 575 1897 facere
597 1888 605 1903 ,
634 1862 735 1898 sicut
775 1865 816 1899 et
845 1862 1032 1910 Caiphas,

0 1915 34 1954 1⁸?
70 1926 74 1930 ’
176 1914 291 1962 quu'm
318 1927 452 1955 verum
482 1919 577 1956 dixit
596 1920 645 1957 de
670 1923 834 1959 coelesti
854 1922 1028 1968 decreto,
1066 1925 1068 1929 '

0 1932 30 2036 ξ
177 1964 379 2007 Christum‘
389 1971 516 2009 Pilato
536 1974 684 2011 remisit
703 1975 752 2011 ad
772 1975 1027 2021 iudicandum,

186 2093 230 2100 -ae

35 342 37 345 .
72 349 83 377 χ
184 327 286 371 'quae
313 323 647 376 superabundavit
667 325 704 361 in
729 323 844 361 nobis
859 339 877 357 »
896 334 905 367 3
925 334 1039 369 quum
1066 348 1071 355 .

181 1127 254 1164 sub
282 1127 633 1165 ordinario-iudice
673 1127 852 1166 Christus
895 1140 1036 1175 passus
1062 1154 1066 1158 -

1172 323 1302 360 Tanto
1331 323 1395 369 piu
1424 323 1495 360 che
1530 322 1676 366 Cristo,
1719 323 1972 361 sottostando

1119 377 1197 413 alla
1207 387 1321 422 pena,
1333 376 1419 413 dice
1439 387 1580 422 presso
1597 376 1791 414 Giovanni
1808 367 1862 414 “E
1872 387 1973 414 com·

1118 430 1227 476 piuta
1246 429 1419 476 l’opera„
1439 440 1462 467 e
1483 429 1587 466 dove
1607 432 1710 467 tutto
1731 432 1753 467 ὲ
1774 431 1970 477 compluto

1086 502 1090 504 -
1117 484 1222 520 nulla
1234 484 1335 520 altro
1346 485 1454 520 resta
1465 483 1623 520 (131313.
1634 483 1709 520 Per
1719 484 1758 520 13
1767 484 1971 531 giustezza

1113 536 1150 573 di
1179 538 1320 583 questa
1348 536 1628 574 affermazione
1643 537 1811 590 bisogna
1826 548 1968 584 sapere

1112 590 1184 627 che
1213 590 1251 626 13
1279 590 1486 636 punizione
1515 601 1592 627 non
1614 591 1968 636 esemplicemente

1112 643 1150 680 la
1179 654 1281 690 pena
1310 643 1348 680 di
1376 644 1435 680 chi
1463 643 1506 680 fa
1538 644 1714 691 ingiuria,
1735 645 1850 681 mala
1867 655 1969 690 pena

1074 701 1076 727 ἐ
1112 696 1254 734 inflitta
1283 708 1306 733 3
1335 697 1395 734 chi
1423 707 1516 734 reca
1545 698 1711 744 ingiuria
1757 697 1808 734 da
1856 700 1967 744 parte

1112 750 1149 787 di
1179 751 1237 787 chi
1266 751 1317 787 ha
1345 751 1369 787 il
1399 753 1538 796 potere
1568 750 1605 787 di
1634 752 1796 797 punire;
1821 752 1966 797 percio,

1099 812 1156 840 ‘se
1185 804 1223 840 13
1251 814 1354 850 pena
1382 814 1459 841 non
1490 806 1512 841 e
1541 803 1682 841 inflitta
1711 804 1774 841 dal
1812 805 1966 852 giudice

1111 857 1322 900 ordinario,
1352 868 1429 894 non
1459 857 1522 894 v'e
1552 859 1771 904 punizione,
1792 869 1853 895 ma
1869 859 1967 904 piut-

1110 912 1219 948 tosto
1246 911 1478 958 ingiustizia.
1522 911 1598 948 Per
1643 914 1786 958 questo
1828 911 1967 949 diceva

1110 963 1362 1011 quell'Ebreo
1391 975 1415 1001 a
1443 965 1586 1002 Mose:
1632 965 1708 1002 Clzi
1741 966 1774 1002 ti
1811 966 1967 1003 costitui

1109 1018 1268 1064 gl'udiee
1296 1028 1345 1055 su
1364 1018 1434 1056 noi
1439 1020 1464 1056 Ρ
1491 1017 1546 1055 Se
1566 1018 1722 1065 dunque
1738 1018 1872 1056 Cristo
1888 1030 1965 1056 non

1112 1082 1256 1108 avesse
1285 1070 1455 1109 sofferto
1484 1074 1592 1109 sotto
1617 1084 1667 1109 un
1696 1073 1850 1120 giudice
1867 1073 1967 1110 ordi·

1110 1125 1232 1168 nario,
1262 1125 1300 1161 la
1328 1136 1400 1162 sua
1429 1135 1531 1171 pena
1559 1136 1636 1163 non
1670 1126 1839 1163 sarebbe
1860 1129 1965 1164 stata

1109 1178 1336 1224 punizione3
1379 1189 1402 1215 e
1449 1178 1603 1226 giudice
1646 1179 1843 1217 ordinario
1886 1191 1963 1217 non

1109 1234 1256 1277 poteva
1276 1242 1412 1269 essere
1433 1243 1476 1269 se
1497 1243 1574 1269 non
1595 1233 1654 1269 chi
1675 1244 1804 1270 aveva
1824 1234 1861 1270 la
1880 1234 1963 1281 giu-

1109 1285 1318 1322 risdizione
1346 1296 1393 1322 su
1418 1287 1524 1323 ,tutto
1554 1287 1578 1322 il
1615 1297 1766 1335 genere
1809 1298 1962 1330 umano,

1108 1339 1251 1384 perche
1279 1340 1387 1376 tutto
1412 1338 1435 1375 il
1465 1350 1613 1386 genere
1643 1335 1785 1377 umano
1814 1351 1883 1377 era
1899 1352 1964 1387 pu-

0 1431 28 1600 3
178 1410 302 1451 totum
343 1410 549 1448 humanum
592 1423 720 1460 genus
747 1413 784 1449 in
814 1424 931 1450 came
970 1414 1034 1450 ma
1070 1403 1072 1448 j
1107 1392 1189 1428 nito
1217 1393 1322 1428 nella
1337 1403 1454 1429 carne
1470 1392 1507 1429 di
1529 1391 1675 1436 Cristo,
1696 1394 1767 1430 che
1783 1396 1961 1440 portava,

1107 1456 1218 1482 come
1247 1445 1333 1482 dice
1358 1447 1382 1482 il
1404 1445 1578 1489 Profeta,
1600 1447 1748 1484 inostri
1769 1447 1908 1484 dolori.
1931 1448 1962 1484 E

1070 1526 1071 1531 ,
1109 1497 1261 1536 Cesare
1272 1499 1444 1542 Tiberio,
1456 1500 1493 1536 di
1505 1500 1564 1536 cui
1578 1500 1705 1537 Pilato
1722 1511 1791 1537 era
1800 1501 1960 1543 vicario,

1108 1563 1184 1588 non
1198 1553 1370 1589 avrebbe
1382 1556 1503 1590 avuto
1514 1553 1790 1600 giurisdizione
1801 1565 1847 1591 su
1858 1557 1960 1592 tutto

1107 1606 1131 1642 il
1147 1616 1295 1652 genere
1316 1617 1470 1648 umano,
1492 1617 1536 1643 se
1557 1606 1732 1653 l‘Irnpero
1752 1618 1829 1645 non
1850 1607 1959 1645 fosse

1106 1660 1213 1695 stato
1247 1659 1284 1695 di
1318 1659 1462 1696 diritto.
1493 1660 1541 1696 Di
1570 1661 1632 1706 qui
1662 1661 1693 1697 si
1723 1662 1959 1707 comprende

1109 1712 1180 1748 che
1203 1712 1344 1755 Erode,
1366 1713 1555 1758 parlando
1579 1717 1869 1758 veracemente,
1890 1726 1960 1761 per

1106 1765 1267 1803 decreto
1305 1767 1466 1809 celeste,
1505 1769 1755 1814 quantunque
1794 1779 1871 1806 non
1900 1779 1960 1806 sa-

1105 1829 1235 1864 pesse,
1252 1830 1363 1856 come
1380 1818 1529 1863 031133,
1550 1821 1681 1866 quello
1701 1822 1772 1858 che
1787 1821 1957 1864 facesse,

1067 1894 1068 1917 3
1103 1872 1278 1908 rimando
1308 1871 1441 1910 Cristo
1483 1885 1507 1910 3
1550 1874 1691 1918 Pilato,
1733 1876 1877 1920 perche
1918 1876 1957 1912 lo

1107 1926 1144 1962 lo
1174 1926 1410 1973 giudicasse,
1444 1937 1555 1964 come
1585 1928 1618 1964 ci
1647 1927 1823 1965 riferisce
1853 1929 1957 1966 Luca

1103 1979 1166 2015 nel
1195 1990 1269 2016 suo
1300 1979 1491 2027 Vangelo.
1523 1980 1652 2018 Erode
1695 1992 1772 2018 non
1814 1981 1957 2019 faceva

267 2177 379 2217 dlcaff
400 2180 440 2217 Ιη
466 2179 655 2220 [ohanne.
685 2186 826 2229 Evang.
856 2189 955 2230 XIX,
983 2190 1052 2231 30;
1078 2201 1097 2222 e
1125 2191 1228 2225 XXI.
1596 2234 1602 2240 .

0 2293 12 2301 -
268 2248 354 2297 11151·
374 2251 428 2287 ab
454 2250 656 2291 ordinario
680 2251 814 2292 Iudice
835 2266 971 2301 poena
996 2256 1152 2300 inflicta
1176 2259 1287 2297 sifi...
1317 2262 1475 2296 Suunna⁴
1490 2253 1603 2296 theol.
1619 2264 1655 2296 11
1682 2274 1723 2302 ιι,
1749 2268 1867 2306 quest.
1890 2267 1950 2298 65.

0 2322 47 2375 :j
84 2351 86 2354 Ι
174 2307 309 2342 Nullus
333 2309 454 2364 auten}
480 2314 579 2346 iusto
604 2316 712 2356 punit
737 2317 897 2358 aliquem
924 2319 997 2351 nisi
1023 2320 1073 2352 sit
1099 2321 1179 2352 eius
1206 2322 1458 2354 iurisdictioni
1485 2323 1685 2358 subiectus.
1714 2323 1791 2359 Otr.
1820 2325 1952 2358 Parad.

142 2375 149 2382 ·
173 2366 240 2411 VI,
267 2369 313 2402 88
338 2379 420 2412 sgg.

693 2434 768 2466 Che
794 2435 831 2477 13,
856 2436 944 2469 viva
967 2437 1147 2477 giustizia
1171 2439 1238 2471 ohe
1264 2441 1314 2472 mi
1342 2441 1455 2483 spira,

646 2491 708 2525 Gli
733 2495 944 2528 oono'edette
970 2496 1007 2528 in
1035 2507 1120 2529 man
1145 2508 1167 2530 a
1192 2498 1277 2539 quel
1303 2499 1360 2530 oh’
1380 2499 1415 2531 io
1441 2500 1524 2532 dioo

646 2550 773 2584 Gloria
797 2553 837 2586 di
862 2553 918 2586 131·
943 2556 1119 2589 vendetta
1143 2557 1219 2589 alla
1243 2567 1311 2590 sua
1337 2559 1404 2591 ira.

265 2613 380 2652 Unde
403 2603 569 2654 diceba!
589 2617 656 2656 llle
679 2617 869 2667 Moysi....
897 2625 1046 2659 Exodus
1072 2627 1121 2663 II,
1150 2624 1269 2660 13-14.
1298 2628 1346 2660 Et
1371 2639 1540 2670 egressus
1554 2630 1613 2662 die
1628 2630 1745 2662 altero
1758 2631 1950 2672 conspexit

171 2672 262 2707 dnos
287 2675 471 2727 Hebraeos
496 2678 682 2713 rixantem
707 2682 876 2724 dixit-‚que
901 2684 936 2716 ei
961 2686 1025 2726 qui
1052 2685 1210 2719 faciebat
1249 2687 1447 2720 iniuriam:
1488 2691 1606 2727 Quare
1644 2690 1807 2729 percutis
1831 2691 1951 2730 proxi-

33 2778 39 2790 ·
171 2740 271 2766 mum
297 2735 429 2768 tuum!
454 2737 523 2769 Cui
550 2739 760 2779 respondit:
786 2741 877 2780 Quis
903 2745 939 2775 te
964 2745 1161 2782 constituit
1186 2747 1390 2787 prinoipem
1418 2750 1454 2779 et
1482 2748 1639 2780 iudioeiu
1667 2758 1777 2789 super
1806 2749 1900 2781 11031

267 2801 311 2839 uf
329 2802 390 2841 alf
411 2801 637 2851 prophela:
668 2810 815 2852 Iesaias,
844 2811 945 2855 LIII,
962 2814 996 2846 4.
