2248 3372
281 176 326 206 46
769 183 810 207 11,
835 183 1038 208 TRATTATO
1064 184 1193 208 BELLA
1220 184 1460 209 MONARcfflA

235 259 372 268 Μ»

339 339 385 376 Αἰ
414 341 516 386 quali
546 341 650 377 versi
678 351 851 377 servono
881 341 917 377 di
947 343 1166 378 commento
1196 341 1232 378 le
1262 341 1393 378 ultime
1422 342 1558 388 parole
1588 342 1651 379 del
1682 343 1804 388 primo
1833 343 1931 380 libro
1945 344 2009 381 del

232 405 292 441 De
313 405 542 441 Monarchia
578 420 595 437 «
611 404 791 450 Qualiter
820 407 949 442 autem
979 416 1022 442 se
1052 406 1231 442 habuerit
1259 407 1376 448 orbis,
1407 417 1457 443 ex
1484 418 1562 453 quo
1585 407 1714 444 tunica
1735 408 1811 444 ista
1830 408 2010 445 inconsu-

230 470 307 506 tilis
335 469 557 515 cupiditatis
586 480 715 517 ungue
744 470 953 507 scissuram
983 470 1157 516 primitus
1186 481 1304 516 passa
1346 473 1419 513 est,
1450 473 1491 508 et
1534 471 1670 519 legere
1721 482 1931 518 possumus
1964 475 2013 510 et

201 541 212 547 ·
231 535 375 570 utinam
403 545 480 571 non
511 534 671 571 videre!
701 550 738 570 ».

337 598 424 635 Non
454 600 486 636 si
516 601 592 645 puo
622 601 858 645 equivocare
888 600 986 636 sulle
1017 600 1104 636 idee
1134 611 1156 636 e
1186 601 1284 638 sulle
1316 601 1524 638 intenzioni
1556 602 1738 647 politiche
1767 601 1804 638 di
1826 599 1892 646 D.';
1917 613 2009 639 esse

231 674 331 700 sono
360 666 471 701 tanto
499 665 629 701 chiare
658 664 707 701 ed
737 665 921 714 esplicite·
942 668 1087 711 quanto
1116 666 1244 711 quelle
1274 667 1332 703 sui
1361 666 1450 703 beni
1488 667 1757 703 ecclesiastici.
1792 666 1947 713 Eppure
1976 668 2008 705 si

232 731 254 765 e
283 731 393 766 tanto
422 729 601 766 discusso
631 730 753 766 anche
782 741 828 767 su
857 713 998 776 questo
1028 731 1173 776 punto!

263 836 266 837 ⁷
338 793 523 830 Secondo
551 795 589 830 13
618 793 853 831 definizione
883 795 1040 831 datain
1070 796 1257 841 principio
1287 796 1310 831 il
1341 795 1473 832 diritto
1503 794 1539 832 di
1570 797 1770 842 proprieta
1811 797 1869 833 sui
1912 797 2002 834 beni

230 859 374 895 terreni
403 861 534 904 spetta
563 859 626 895 all’
642 859 890 905 Imperatore,
920 860 944 895 il
974 860 1034 896 cui
1064 859 1234 896 dominio
1254 862 1277 897 ὲ
1313 860 1382 896 «in
1412 860 1471 897 his
1499 863 1540 897 et
1568 871 1687 906 super
1705 861 1765 897 his
1785 871 1886 907 quae
1915 863 2010 898 tem-

231 933 327 968 pore
357 926 629 960 mensurantur
643 934 679 967 »3
701 925 738 960 la
759 923 916 967 Chiesa‚
947 925 1017 961 che
1047 926 1069 961 ὲ
1099 925 1135 961 in
1164 925 1290 972 grado
1319 925 1356 961 di
1386 935 1601 962 conoscere
1623 926 1632 961 i
1653 926 1806 973 bisogni
1836 925 1898 962 dei
1919 926 2006 963 suoi

230 987 363 1031 fedeli,
393 988 442 1025 ed
471 990 684 1026 esercitare
714 1000 762 1025 un
794 988 927 1026 ufficio
957 990 993 1025 di
1023 990 1158 1032 carita,
1188 991 1342 1026 accetta
1377 990 1386 1026 i
1429 990 1518 1027 beni
1562 990 1765 1036 temporali
1807 990 1887 1028 dati
1930 990 2009 1028 dal-

230 1052 254 1088 l'
266 1052 501 1098 Imperatore
531 1064 553 1090 e
583 1064 626 1090 se
655 1064 704 1090 ne
725 1053 766 1090 fa
786 1053 1068 1099 dispensatrice
1084 1053 1144 1090 fra
1160 1055 1169 1090 i
1186 1055 1334 1100 poveri.
1351 1055 1530 1091 Lontano
1546 1054 1596 1091 da
1612 1055 1704 1102 ogni
1723 1055 2009 1102 esagerazione

231 1128 253 1153 e
283 1128 403 1154 senza
433 1119 657 1155 mescolarsi
688 1119 762 1155 alle
793 1118 947 1164 dispute
977 1119 1038 1155 dei
1069 1119 1241 1155 Minoriti
1272 1120 1343 1166 (1),
1388 1119 1516 1156 Dante
1546 1129 1687 1166 scorge
1716 1121 1818 1165 tutto
1847 1120 1871 1156 il
1909 1120 2010 1156 male

243 1182 313 1218 che
343 1182 531 1219 derivava
561 1182 665 1219 dalla
694 1183 889 1230 cupidigia
909 1183 945 1219 di
967 1183 1165 1220 ricchezze
1195 1183 1330 1230 (Purg.
1359 1182 1603 1226 XXX11,125
1630 1204 1643 1211 -
1670 1183 1811 1221 Parad.
1827 1183 1911 1227 XX,
1927 1184 2014 1231 56):

232 1257 255 1282 e
285 1257 329 1283 sa
359 1247 394 1283 di
416 1257 493 1284 non
527 1250 634 1284 stare
668 1247 704 1284 in
739 1249 885 1284 cattiva
920 1248 1163 1294 compagum,
1189 1248 1331 1293 perche
1365 1259 1409 1284 se
1448 1248 1509 1285 nel
1539 1249 1601 1285 De
1631 1249 1946 1286 consideratione
1972 1247 2010 1285 di

230 1311 275 1349 S.
309 1311 511 1348 Bernardo
541 1323 563 1348 e
593 1312 696 1349 nella
725 1313 868 1349 lettera
909 1314 971 1349 Ad
997 1313 1161 1350 elericos
1188 1313 1386 1351 Fanensis
1419 1313 1626 1350 Ecclesiae
1670 1313 1707 1349 di
1736 1312 1778 1350 S.
1814 1313 1904 1351 Pier
1936 1313 2012 1350 Da-

231 1377 359 1413 miano
387 1379 554 1413 trovava
582 1377 647 1424 gia
676 1380 890 1414 accennata
915 1378 951 1414 la
980 1388 1052 1414 sua
1081 1377 1252 1414 dottrina
1272 1378 1331 1414 sul
1352 1379 1490 1423 potere
1511 1378 1740 1423 temporale,
1761 1377 1863 1414 dalle
1884 1388 2005 1423 opere

232 1441 269 1478 di
299 1440 340 1478 S.
371 1441 651 1478 Bonaventura
680 1444 825 1488 poteva
854 1444 979 1479 trarre
1008 1441 1190 1479 conforto
1220 1442 1297 1478 alla
1325 1453 1397 1479 sua
1427 1442 1609 1488 opinione
1639 1441 1724 1479 sull‘
1736 1453 1809 1479 uso
1829 1442 1892 1479 dei
1920 1443 2011 1479 beni

232 1506 487 1543 ecclesiastici
517 1507 597 1553 (2);
635 1507 767 1552 percio
809 1507 847 1543 la
875 1508 1064 1544 invettiva
1093 1506 1154 1543 del
1186 1507 1246 1543 De
1276 1507 1506 1544 Monarchia
1543 1507 1598 1554 (11,
1641 1509 1705 1554 11)
1734 1517 1810 1544 non
1841 1509 1863 1543 0
1894 1517 2008 1544 meno

233 1581 349 1616 aspra
378 1570 415 1607 di
444 1572 572 1617 quelle
602 1572 672 1608 che
702 1571 733 1608 s’
750 1572 981 1608 incontrano
1010 1572 1252 1609 abbastanza
1280 1582 1422 1617 spesso
1452 1572 1556 1608 nella
1585 1572 1727 1608 Divina
1756 1570 2010 1608 Commedia:

232 1646 304 1672 nec
322 1636 480 1672 miseret
508 1646 581 1672 eos
609 1636 730 1682 (idest
758 1637 955 1673 zelatores
983 1636 1076 1673 fidei
1106 1637 1357 1682 christianae)
1373 1646 1585 1682 pauperum
1607 1635 1751 1680 Christi
1770 1636 1910 1682 quibus
1932 1646 2011 1672 non
2035 1666 2040 1668 ,

232 1701 356 1737 solum
386 1699 634 1737 defraudatio
663 1700 708 1736 fit
740 1701 777 1737 in
812 1701 1064 1738 ecelesiarum
1107 1701 1361 1747 proventibus
1403 1702 1492 1746 quin
1535 1701 1612 1737 imo
1654 1700 1884 1746 patrimonia
1925 1700 2012 1746 ipsa

233 1765 375 1802 cotidie
404 1765 603 1810 rapiuntur
632 1768 673 1801 et
701 1766 991 1811 depauperatur
1019 1766 1188 1802 ecclesia
1192 1792 1252 1801 .....
1284 1765 1388 1810 Quid
1419 1765 1467 1802 ad
1502 1767 1685 1811 pastores
1717 1765 1849 1814 tales?
1878 1764 2013 1810 Quid?
2081 1764 2084 1766 ’

233 1830 264 1866 si
295 1830 486 1866 ecclesiae
516 1830 735 1866 substantia
763 1829 917 1872 diffluit,
947 1830 1035 1866 dum
1079 1830 1342 1875 proprietates
1384 1831 1684 1876 propinquorum
1705 1839 1863 1866 suorum
1893 1839 2011 1866 exau-

232 1897 410 1941 geantur.
440 1893 521 1931 Sed
550 1893 683 1931 forsan
702 1895 837 1931 melius
866 1897 929 1931 est
958 1895 1197 1940 propositum
1227 1895 1409 1940 prosequi
1441 1897 1482 1931 et
1513 1895 1585 1931 sub
1606 1895 1671 1940 pio
1691 1894 1846 1931 silentio
1866 1892 2006 1934 Salva-

233 1959 330 1996 toris
358 1960 480 1996 nostri
510 1962 720 2004 expectare
751 1970 974 1996 succursum
1005 1960 1076 2006 (3).

340 2024 416 2060 Per
445 2027 564 2061 conto
593 2035 665 2061 suo
696 2024 742 2060 D.
773 2035 901 2061 aveva
930 2026 1159 2070 presentato
1198 2034 1247 2060 un
1286 2023 1436 2069 quadro
1465 2024 1501 2060 di
1549 2024 1680 2069 quello
1726 2023 1796 2059 che
1839 2022 2007 2060 sarebbe

233 2092 339 2126 stato
369 2089 392 2124 il
421 2089 575 2131 mondo,
606 2100 649 2125 se
670 2090 706 2126 le
728 2100 798 2125 sue
819 2089 907 2146 idee
929 2099 1119 2125 avessero
1141 2088 1345 2125 trionfato:
1363 2099 1412 2124 un
1442 2099 1574 2125 nuovo
1595 2087 1778 2134 paradiso
1808 2088 2011 2124 terrestre.

332 2221 383 2259 (1)
411 2219 453 2253 F.
483 2220 620 2251 Toooo:
648 2219 856 2250 Polemiohe
883 2218 1086 2252 Dantesche
1100 2237 1114 2242 -
1129 2219 1277 2251 Rivista
1302 2217 1338 2250 d'
1352 2218 1465 2250 Italia
1479 2235 1493 2243 -
1513 2218 1647 2259 Luglio
1666 2218 1769 2258 1901,
1783 2227 1802 2249 0
1819 2217 2013 2256 Questioni

235 2267 495 2306 cronologiche
521 2267 578 2298 sul
605 2267 659 2297 De
685 2266 794 2306 Mon„
821 2266 920 2298 Bull.
949 2266 1029 2298 Soo.
1058 2266 1171 2299 Dant.
1199 2265 1290 2296 VIII
1317 2275 1352 2306 p.
1378 2265 1524 2297 240-46·

333 2315 383 2353 (2)
409 2314 444 2345 S.
470 2314 657 2353 Bernardij
672 2313 791 2354 Opera
817 2313 970 2344 Parisiis
998 2313 1089 2344 1640
1115 2313 1184 2345 001,
1211 2312 1296 2344 1001
1317 2312 1361 2345 D.
1378 2312 1604 2345 Patrimonia
1628 2321 1829 2352 pauperum
1853 2312 1940 2343 sunt
1959 2310 2013 2342 fa-

236 2343 395 2393 ouftates
421 2361 668 2393 Ecclesiaruin
695 2362 732 2391 et
757 2360 938 2401 sacrilega
952 2361 1006 2392 eis
1019 2360 1239 2392 erudelitate
1265 2360 1466 2400 surripitur
1490 2359 1671 2400 quidquid
1692 2359 1763 2390 sibi
1789 2357 1952 2390 ministri
1976 2358 2014 2389 et

237 2409 518 2449 dispensatores,
556 2417 628 2439 non
665 2407 795 2448 utique
831 2407 972 2438 domini
1012 2409 1049 2438 et
1085 2407 1146 2439 vel
1171 2415 1411 2448 possessores,
1439 2406 1539 2439 ultra
1575 2406 1716 2438 vietum
1753 2405 1941 2445 accipiunt
1976 2406 2014 2436 et

237 2456 427 2488 vestitum.
453 2455 482 2485 E
508 2455 607 2486 nella
637 2467 653 2484 «
668 2454 841 2493 Quaestio
867 2454 911 2485 (10
938 2455 1119 2494 potestate
1135 2463 1251 2494 papae
1277 2451 1370 2497 (Rex
1385 2452 1577 2495 pacificus)
1593 2462 1625 2493 »3
1647 2464 1663 2482 ι
1678 2452 1825 2485 Certum
1842 2454 1899 2484 est
1915 2452 2011 2483 enim

236 2503 333 2544 quod
359 2502 515 2543 praelati
542 2512 613 2534 non
640 2503 728 2533 sunt
753 2501 893 2533 domini
918 2510 1040 2532 rernm
1066 2501 1399 2533 ecclesiasticarum
1425 2500 1489 2532 sed
1514 2500 1785 2540 dispensatores
1809 2501 1955 2532 tantum
1981 2509 2015 2531 »-

240 2550 345 2591 (Pag.
372 2549 440 2581 675
466 2549 553 2581 dell'
567 2549 733 2581 edizione
756 2548 930 2589 parigina
955 2548 1015 2580 del
1042 2548 1162 2589 1655).

341 2610 354 2625 u
370 2596 523 2636 Quando
548 2597 585 2629 la
610 2595 807 2628 Comunita
833 2596 1002 2627 soriveva
1026 2595 1093 2626 ohe
1117 2595 1156 2626 la
1172 2594 1306 2626 Chiesa
1333 2607 1350 2625 «
1367 2595 1474 2626 docet
1490 2594 1529 2625 in
1547 2594 1661 2626 saeris
1678 2594 1880 2625 canonibus
1904 2594 2015 2633 atquo

237 2645 402 2676 servavit
427 2646 463 2676 et
489 2646 611 2676 servat
636 2643 733 2684 quod
758 2643 837 2674 sine
863 2642 1128 2682 impedimento
1154 2641 1391 2682 perfeetionis
1416 2641 1652 2682 evangelicae
1678 2642 1832 2682 possunt
1857 2650 1879 2672 a.
1906 2648 2010 2681 prae·

237 2691 326 2723 latis
353 2691 550 2723 facultates
575 2690 751 2723 ecelesiae
774 2689 956 2730 possideri
982 2691 1019 2721 et
1045 2689 1265 2721 fidelissime
1290 2689 1397 2720 iuxta
1420 2689 1642 2720 traditiones
1654 2689 1849 2720 (131101ιί038
1865 2687 2013 2727 dispen-

238 2738 313 2770 sari
341 2750 372 2778 »1,
398 2738 518 2770 Dante
542 2739 590 2770 da
614 2739 712 2770 buon
729 2737 825 2769 loioo
843 2736 999 2769 avrebbe
1015 2737 1175 2777 risposto
1192 2736 1259 2768 ohe
1284 2736 1317 2767 si
1334 2736 1562 2776 equivooava
1579 2736 1638 2767 sul
1654 2734 1836 2776 possideri
1848 2735 1887 2766 et
1903 2733 1961 2765 uti
1978 2742 2015 2764 »-

239 2785 286 2818 U.
311 2786 441 2817 Cosmo
465 2803 481 2810 -
506 2786 557 2817 Le
581 2784 754 2817 mistiohe
779 2794 891 2816 nozze
916 2784 956 2815 di
993 2783 1087 2816 frate
1126 2783 1328 2815 Franoesoo
1365 2792 1433 2815 oon
1471 2783 1652 2815 madonna
1676 2781 1846 2814 Poverta.
1868 2779 2016 2827 *Giornh

240 2832 351 2864 Dant.
376 2832 428 2863 VI
469 2843 507 2873 p.
534 2834 568 2865 3.
1581 2836 1586 2839 χ

335 2878 387 2922 (3)
413 2858 463 2911 1Ῐο
489 2888 662 2920 spei-anzo
686 2878 725 2910 di
750 2878 795 2910 D.
820 2887 894 2910 non
918 2877 1073 2909 oaddero
1104 2886 1168 2918 per
1205 2876 1361 2908 infausti
1398 2877 1522 2909 eventi
1559 2876 1719 2917 politici,
1745 2874 1878 2916 perche
1913 2873 2015 2914 negli

242 2926 365 2958 ultimi
392 2927 492 2958 canti
518 2927 577 2958 del
595 2925 783 2967 Paradiso,
803 2924 974 2968 (XXVII,
997 2923 1182 2967 142-148),
1202 2924 1369 2956 Beatrioe
1386 2933 1519 2956 ancora
1536 2923 1572 2955 Io
1589 2922 1757 2955 contorta
1773 2920 2017 2963 predicando:

763 2984 840 3015 Che
865 2983 902 3016 la
927 2983 1089 3025 fortuna,
1117 2983 1184 3015 ohe
1209 2984 1314 3015 tanto
1338 2982 1515 3022 s'aspetta

717 3031 767 3062 Le
790 3038 913 3072 poppe
939 3030 1090 3071 volgera
1113 3029 1150 3061 u'
1175 3039 1241 3061 son
1267 3029 1302 3061 le
1325 3038 1446 3071 prore,

718 3077 757 3109 Si
782 3077 849 3110 ohe
875 3077 912 3109 la
935 3077 1052 3109 classe
1076 3077 1219 3109 oon-era
1243 3076 1398 3116 diretta;

766 3125 796 3156 E
822 3134 909 3156 vero
935 3124 1052 3156 frutto
1078 3124 1183 3156 verra.
1208 3123 1303 3165 dopo
1329 3122 1484 3164 ilvfiore.
