2248 3372
364 153 429 187 142

315 240 395 249 Μ

313 328 585 373 rempublicam
601 328 887 374 quodammodo
902 331 1056 378 religati
1073 342 1163 368 esse

314 392 504 435 videntur,
544 392 691 430 sufficit
727 395 792 431 illa
829 396 915 432 sola
959 395 1163 433 Ciceronis

315 458 528 495 auctoritas
549 458 584 494 in
601 459 784 496 secundis
803 460 973 507 Offieit’s:
994 476 1011 493 ‹<
1023 460 1164 506 Quam-

314 522 377 558 diu
398 537 415 554 »
466 523 596 569 inquit,
648 539 664 555 κ
685 523 882 570 Imperium
925 526 1160 572 reipublicae

313 586 516 625 beneficiis
544 587 762 633 tenebatur,
782 600 858 627 non
882 591 1038 633 iniuriis,
1059 592 1162 628 bella

313 655 380 689 aut
408 663 478 698 pro
508 654 626 691 sociis
655 658 722 691 aut
750 665 820 700 pro
859 656 1018 701 imperio
1047 666 1159 703 gere-

312 785 379 819 aut
410 784 643 827 necessarii;
673 795 818 832 regum,
854 786 1082 831 populorum
1121 790 1161 823 et

288 848 508 885 'nationum
539 851 674 894 portus
703 852 789 886 erat
817 853 857 886 et
886 850 1076 898 refugium
1102 863 1161 888 se-

246 949 248 951 ·
312 915 451 956 natus;
490 915 612 951 ”⁰3⁰4
651 917 779 951 antem
818 918 858 952 et
895 916 1158 963 magisn‘atus’
1234 936 1250 971 ι’
1265 935 1389 972 nostri
1405 937 1630 983 magistrati
1645 948 1667 973 e
1687 938 1864 984 capitoni
1879 939 1918 975 si
1932 939 2082 976 studia·
2098 922 2104 978 ἶ

313 979 646 1026 imperatoresque
676 981 711 1016 in
742 991 790 1017 ea
819 992 860 1017 re
891 982 1052 1019 maxime
1082 983 1161 1019 lau·
1195 981 1197 986 ‘

311 1043 398 1081 dem
428 1055 570 1090 capere
600 1045 843 1089 studuerunt,
864 1047 896 1083 si
927 1048 1158 1092 provincias,
1196 1039 1197 1089 ]

311 1109 342 1145 si
358 1109 490 1146 socios
506 1106 702 1156 aequitate
724 1112 764 1146 et
777 1110 857 1147 fide
873 1111 1159 1156 defendissent;
1196 1100 1197 1148 ἶ
1235 1107 1307 1133 0οΠ
1337 1094 1471 1142 evum}
1491 1107 1512 1133 e
1527 1096 1646 1142 fede?
1666 1098 1802 1143 percis>
1821 1099 1950 1144 9118110
1972 1102 2080 1145 pote·
2099 1114 2109 1204 K

311 1174 440 1220 itaque
461 1174 552 1211 illud
574 1175 825 1220 patrocinium
847 1177 952 1213 orbis
972 1180 1159 1214 terrarum

253 1287 257 1291 Ι
312 1239 453 1285 potius,
483 1250 595 1285 quam
626 1240 822 1286 imperium
852 1244 1008 1286 poterat
1041 1244 1159 1279 nomi-

311 1305 424 1341 nari»
436 1332 444 1340 .
462 1305 569 1342 Haec
587 1304 741 1342 Cicero.
759 1306 818 1343 De
836 1307 1014 1352 personis
1031 1309 1159 1344 autem

310 1370 571 1416 singularibus
609 1370 887 1416 compendiose
917 1369 1157 1419 progrediar.

309 1434 499 1481 Numquid
528 1446 604 1473 non
635 1436 775 1473 bonum
805 1447 1006 1473 commune
1035 1437 1158 1474 inten-

310 1631 527 1673 orbatione,
558 1633 620 1677 qui
651 1632 861 1668 amissione
890 1633 1158 1675 membrorum,

310 1697 371 1741 qui
389 1696 556 1742 denique
573 1697 782 1733 animarum
799 1698 998 1734 oblatione
1019 1698 1160 1734 bonurn

311 1762 500 1807 publicum
522 1773 720 1809 exaugere
737 1763 864 1799 conati
886 1763 1002 1799 sunt?
1021 1763 1160 1800 Nonne

312 1819 565 1858 Cincinnatus
595 1822 657 1858 ille
679 1824 855 1858 sanctum
877 1822 989 1859 nobis
1009 1823 1162 1868 reliquit

310 1880 526 1926 exemplum
556 1880 675 1917 libere
698 1880 917 1926 deponendi
934 1881 1160 1928 dignitatem

312 1940 346 1975 in
377 1940 554 1982 termino,
584 1950 667 1976 cum
698 1941 921 1985 assumptus
951 1941 999 1977 ab
1030 1942 1161 1977 aratro

311 1998 479 2035 dictator
520 1997 649 2035 factus
678 2000 751 2042 est,
782 2001 823 2035 ut
852 1999 983 2036 Livius
1011 1998 1162 2035 refert?

312 2058 359 2094 Et
404 2060 494 2103 post
532 2039 745 2100 victoriam,
788 2060 879 2104 post
920 2059 1160 2104 triumphum,

312 718 452 755 bantur
479 719 606 756 exitus
626 722 738 756 erant
758 721 945 757 bellorum
966 723 1033 757 aut
1050 722 1161 759 mites
1197 705 1199 742 ξ
1235 663 1333 699 eoae
1375 663 1512 708 Offese'
1544 674 1565 700 e
1594 665 1630 701 le
1656 673 1796 710 guerre
1823 676 1858 702 Sl
1882 666 2107 714 JUCCWWOJ

454 746 462 761 ’
1196 770 1198 779 “
1234 777 1431 816 seguenze
1447 771 1548 807 delle
1555 779 1695 817 guerre
1711 782 1831 809 erano
1846 783 1869 809 ο
1885 783 1964 810 non
1971 773 2087 820 gravi
2094 755 2099 815 ἲ

1847 0 1888 50 ρμη

858 165 898 189 11.
919 164 1122 202 TRATTAl'rO
1148 166 1278 191 DELLA
1305 166 1548 192 MONARculA

1292 330 1364 367 Dei
1393 332 1546 378 collegi,
1578 342 1646 377 per
1674 333 1684 368 i
1714 333 1815 378 quali
1853 333 1906 380 gli
1943 334 2082 372 uomini

1237 384 1444 421 sembrano
1474 395 1609 421 essere
1640 386 1675 422 in
1705 387 1815 423 certo
1843 387 1932 432 qual
1968 387 2084 425 modo

1236 437 1356 483 legati
1394 438 1470 474 alla
1508 439 1743 484 repubblica,
1772 439 1887 476 basta
1924 440 1961 476 la
1997 441 2084 478 sola

1237 491 1405 534 autorita
1434 490 1470 527 di
1493 490 1686 528 Cicerone
1707 493 1769 529 nel
1790 492 1965 530 secondo
1986 493 2082 531 libro

1235 548 1297 585 dei
1328 549 1500 587 Doveri:
1538 566 1554 582 «
1583 551 1729 588 ΡίηοΙιὲ
1758 552 1782 588 l·
1798 552 1945 598 impero
1978 553 2084 591 della
2132 538 2167 591 7⁸

1235 609 1459 655 repubbliea
1488 620 1555 646 era
1575 614 1707 648 terralo
1728 612 1792 648 coi
1807 612 1985 658 benefici,
2005 623 2083 653 non
2107 609 2111 657 l

2106 659 2108 666 ι

1234 726 1256 752 0
1279 726 1356 762 per
1379 716 1439 763 gli
1454 717 1593 754 alleati
1604 728 1712 764 oper
1725 718 1915 765 l’lmpero‚
1935 719 1972 756 Ie
1991 730 2095 765 con-¹

1233 833 1256 859 0
1276 824 1514 860 necessarie.
1548 825 1583 860 ΙΙ
1599 824 1748 862 Senato
1773 836 1841 863 era
1859 836 1912 862 un
1928 830 2042 873 porto
2062 831 2099 879 el

1234 876 1376 923 rifugio
1396 877 1525 920 deire,
1547 878 1765 924 despopoli,
1785 879 1887 916 delle
1903 879 2083 918 nazioni.·
2099 894 2103 919 t

1208 1015 1210 1017 .
1234 999 1327 1025 rono
1343 989 1386 1025 di
1396 993 1568 1026 ottenere
1597 991 1685 1027 Iode
1708 992 1991 1037 specialmente
2018 993 2086 1030 nel
2096 982 2099 1038 ξ

1233 1042 1436 1087 discendere
1473 1043 1509 1079 le
1551 1044 1752 1089 provincie
1799 1055 1821 1081 e
1855 1045 1914 1091 gli
1947 1046 2087 1087 alleati
2097 1043 2101 1107 ξ

1234 1149 1324 1187 vasi
1348 1150 1429 1186 dire
1450 1150 1641 1196 piuttosto
1678 1162 1731 1188 un
1768 1152 1991 1198 patrocinio
2017 1153 2084 1190 del

1234 1204 1375 1240 mondo
1405 1205 1477 1240 elle
1497 1214 1549 1240 urz
1569 1205 1786 1243 dominio».
1808 1204 1961 1250 Queste
1981 1216 2081 1243 sono

1233 1262 1269 1298 le
1300 1263 1434 1307 parole
1478 1262 1514 1298 di
1558 1262 1764 1300 Cicerone.
1804 1263 1974 1301 Passero
2012 1268 2083 1313 ora

1233 1315 1485 1352 brevemente
1502 1316 1578 1352 alle
1595 1317 1748 1364 singole
1764 1327 1946 1363 persone.
1957 1317 2081 1355 Forse

1233 1369 1303 1404 che
1333 1379 1409 1405 non
1439 1369 1471 1405 si
1496 1368 1597 1405 deve
1618 1369 1700 1406 dire
1721 1370 1791 1409 che
1811 1370 1940 1407 hanno
1961 1373 2082 1408 avuto

1196 1433 1197 1452 l
1233 1421 1270 1458 di
1291 1421 1384 1458 mira
1405 1422 1427 1457 il
1449 1422 1549 1459 bene
1570 1433 1733 1459 comune
1753 1423 1868 1468 quelli
1889 1423 1959 1460 che
1979 1424 2080 1460 colle
2104 1437 2105 1441 ¹

310 1500 414 1538 disse
458 1500 608 1538 dicendi
652 1504 741 1538 sunt
795 1502 857 1548 qui
901 1502 1045 1539 sudore
1097 1504 1158 1548 qui
1196 1496 1198 1534 ᾗ
1233 1474 1388 1534 faticbe‚
1418 1475 2081 1536 collacpovertacoll'esiliocolla

745 1529 752 1544 ’
1050 1530 1057 1544 ’
1196 1558 1198 1565 .
1234 1527 1385 1573 perdita
1415 1527 1475 1564 dei
1506 1527 1587 1575 figli
1618 1539 1639 1564 e
1669 1528 1771 1565 delle
1792 1539 1947 1575 proprie
1968 1540 2081 1566 mem-

311 1568 554 1611 paupertate,
598 1567 660 1612 qui
709 1567 837 1609 exilio,
881 1568 943 1613 qui
991 1567 1158 1604 filiorum
1196 1578 1198 1593 ³

1197 1659 1198 1670 2
1235 1635 1390 1679 propria
1427 1635 1507 1670 vita
1546 1645 1759 1671 cercarono
1789 1634 1826 1671 di
1855 1645 2082 1672 accrescere

1234 1582 1303 1618 bra
1333 1592 1354 1617 e
1384 1580 1608 1617 finalmente
1647 1582 1707 1618 col
1746 1581 1938 1618 sacrificio
1977 1582 2080 1618 della

1235 1688 1257 1723 il
1298 1687 1478 1733 pubblico
1516 1687 1652 1724 bene?
1688 1687 1812 1724 Forse
1851 1686 2105 1739 Cincinnaffbnj

1235 1751 1312 1777 non
1343 1741 1375 1777 ci
1406 1741 1527 1777 lascio
1558 1751 1606 1777 un
1646 1741 1820 1788 esempio
1848 1740 1885 1777 di
1915 1741 2101 1798 deporres
2134 1780 2138 1781 ⁷

1197 1808 1198 1811 ¹
1234 1795 1271 1830 la
1291 1794 1437 1841 dignita
1458 1794 1535 1830 alla
1554 1793 1633 1830 fine
1649 1794 1753 1831 della
1767 1794 1906 1837 carica,
1927 1794 2091 1842 quando!
2134 1813 2143 1822 κ

1197 1883 1199 1891 s
1235 1853 1333 1889 tolto
1363 1852 1587 1889 dall’aratro
1633 1852 1674 1888 fu
1721 1854 1843 1889 eletto
1886 1853 2084 1895 dittatorei

1235 1916 1345 1942 come
1383 1906 1415 1941 ci
1455 1906 1657 1952 tramanda
1699 1906 1820 1948 Livio,
1851 1916 1872 1942 e
1902 1905 2007 1951 dopo
2045 1906 2082 1945 la
2125 1896 2158 1948 {b
2208 1907 2210 1910 ’

1234 1959 1392 1995 vittoria
1407 1969 1429 1995 e
1441 1958 1545 2004 dopo
1557 1959 1580 1994 il
1592 1958 1736 1996 trionfo
1747 1959 1894 1995 ritorno
1905 1969 1930 1995 a
1939 1957 2081 2008 sudare

1238 2012 1314 2048 alla
1347 2012 1449 2048 stiva
1502 2010 1590 2047 dell’
1608 2013 1740 2048 aratro
1769 2010 1896 2048 dietro
1925 2012 1935 2047 i
1977 2011 2082 2059 buoisv

1198 2051 1200 2085 ἶ
1265 2064 1394 2101 uando
1455 2065 1555 2101 ebbe
1603 2065 1798 2102 restituito
1859 2065 1897 2101 lo
1935 2061 2085 2101 scettrd

311 2125 469 2169 sceptro
500 2124 750 2169 imperatorio
780 2123 962 2160 restituto
996 2124 1161 2160 consuli·
1199 2117 1201 2138 '
1237 2076 1300 2160 gel
1330 2123 1521 2161 comando
1551 2124 1585 2160 ai
1615 2124 1799 2160 consoli?
2084 2102 2087 2132 ⁵

405 2331 616 2370 Ciceron1‘s
641 2332 874 2370 auctoritas.
905 2336 956 2368 De
983 2335 1056 2368 Off.
1084 2336 1132 2378 ΙΙ,
1161 2336 1195 2369 8.

405 2414 587 2454 exitus...
613 2415 865 2462 necessari&
888 2414 921 2450 l'e
947 2429 1194 2460 oonseguenze
1220 2417 1316 2450 delle
1341 2428 1470 2458 guerre
1495 2429 1604 2450 erano
1622 2417 1948 2450 neoessariamente
1961 2416 2080 2459 gravi,

310 2478 454 2518 quando
482 2477 507 2509 il
535 2477 675 2509 nemioo
701 2487 890 2518 opponeva
915 2477 1141 2510 uu'ostinata
1167 2477 1365 2510 resistenza
1391 2488 1411 2509 o
1438 2487 1572 2518 pareva
1597 2476 1804 2509 desideroso
1830 2476 1868 2508 di
1896 2476 2084 2516 riprender

312 2536 345 2568 le
371 2537 476 2575 armi,

406 2617 448 2654 ΠΙ
469 2616 607 2656 Molas
631 2616 761 2659 refers.
788 2620 870 2652 Lib.
898 2620 959 2658 VI,
988 2620 1044 2651 29.
1073 2619 1304 2658 Cincinnato,
1331 2619 1490 2660 esempio
1516 2619 1556 2650 di
1582 2629 1689 2650 nomo
1714 2628 1734 2650 e
1760 2618 1796 2650 di
1823 2617 2004 2650 eittadiuo
2019 2626 2083 2670 au-

313 2683 408 2712 storo
434 2681 452 2710 e
479 2689 602 2720 spesso
628 2679 810 2711 ricordato
837 2679 882 2710 da
908 2675 1039 2711 Dante.
1070 2678 1199 2713 Parad.
1221 2678 1282 2718 VI,
1310 2677 1439 2719 46-47;
1466 2678 1581 2712 Couv.
1599 2677 1661 2717 IV,
1678 2678 1720 2718 5;
1750 2676 1878 2710 Parad.
1903 2675 1982 2719 XV,
2001 2674 2080 2709 129.

2219 2695 2248 2796 ’ἐ
