2248 3372
284 208 293 232 Δ

365 135 432 192 168

859 165 901 189 11,
925 163 1128 206 TRATTAT9
1151 163 1284 188 BELLA
1308 163 1549 188 MONARCHIA
1589 171 1594 177 ⁴

318 238 1523 274 MWMWWW‘

368 333 428 370 ΧΙΙ
458 332 579 378 (xiil).
610 331 658 367 Et
676 331 709 368 si
731 330 943 367 Romanum
965 316 1165 375 Imperium

315 404 364 440 de
402 404 484 440 iure
526 413 603 440 non
645 401 729 444 fuit,
758 403 959 447 peccatum
989 399 1099 436 Adae
1128 400 1165 435 in

295 459 475 506 'Christo
502 478 580 505 non
608 467 682 505 fuit
709 467 906 513 punitum
933 467 1007 502 hoc
1037 469 1166 501 autem

315 541 377 577 est
435 539 575 576 falsum
604 550 613 583 ;
674 549 772 586 ergo
826 537 1166 575 contradictorium

315 606 412 648 eius,
441 616 491 641 ex
518 615 596 650 quo
624 605 810 650 sequitur,
831 605 894 640 est
917 613 1063 639 verum.
1083 601 1168 638 Fal-

314 677 413 714 sitas
449 676 725 722 consequentis
767 676 931 721 apparet
971 675 1038 710 sic.
1069 672 1167 710 Cum

316 743 415 779 enim
444 752 515 787 per
542 743 743 787 peccatum
772 739 884 776 Adae
913 750 1049 776 omnes
1078 749 1167 784 pec-

315 815 473 867 catores
500 823 690 853 essemus,
712 812 865 848 dicente
887 809 1099 856 Apostolo:
1122 810 1169 846 si-

316 880 381 915 cut
408 888 478 924 per
506 888 620 914 unum
652 877 843 913 hominem
872 877 909 912 in
938 876 1037 913 hunc
1067 886 1169 911 mun-

317 949 404 986 dum
421 951 622 998 peccatum
638 948 805 989 intravit,
823 950 863 984 et
879 958 949 992 per
965 948 1165 992 peccatum

317 1031 447 1067 mors„
475 1021 530 1056 ita
557 1020 593 1056 in
624 1030 760 1056 omnes
787 1019 964 1055 homines
983 1029 1099 1061 mors,
1120 1030 1169 1055 ex

316 1097 394 1132 quo
436 1096 572 1122 omnes
618 1086 906 1130 peccaverunt;
935 1084 967 1120 si
1010 1083 1059 1120 de
1102 1084 1168 1121 illo
1204 1074 1207 1091 '

317 1161 481 1203 peccato
515 1167 592 1193 non
634 1155 774 1192 fuisset
815 1155 1056 1193 satisfactum
1099 1166 1170 1201 per

318 1223 480 1259 mortem
523 1221 680 1263 Christi,
710 1221 833 1258 adhuc
876 1232 1053 1258 essemus
1099 1220 1167 1257 filii

318 1294 399 1330 irae
427 1295 584 1337 natura;
614 1295 752 1329 natura
771 1267 920 1330 scilic³et
939 1292 1167 1338 depravata.

319 1363 400 1401 Sed
427 1365 501 1401 hoc
530 1374 607 1401 non
637 1366 710 1407 est,
731 1375 815 1416 cum
836 1364 940 1400 dicat
953 1362 1169 1409 Apostolus

320 1435 370 1472 ad
399 1432 603 1481 Ephesios,
633 1435 798 1481 loquens
826 1434 875 1471 de
896 1435 1012 1471 Patre
1050 1450 1068 1467 «
1091 1434 1168 1479 Qui

320 1506 628 1552 praedestinavit
667 1517 742 1542 nos
769 1506 805 1542 in
835 1506 1047 1551 adoptione
1074 1505 1172 1542 filio-

319 1553 402 1608 ru'm
431 1582 501 1618 per
528 1571 651 1608 lesum
681 1570 876 1608 Christum
904 1571 940 1607 in
961 1572 1096 1617 ipsum,
1113 1581 1172 1607 se-

321 1643 484 1680 cundum
513 1642 753 1688 propositum
772 1642 986 1679 voluntatis
1004 1653 1113 1685 suae,
1134 1642 1170 1678 in

319 1708 474 1745 laudem
515 1710 557 1744 et
597 1708 760 1755 gloriam
802 1708 953 1755 gratiae
995 1718 1104 1751 suae,
1134 1708 1170 1744 in

320 1790 397 1825 qua
437 1778 675 1826 gratificavit
710 1790 784 1816 nos
812 1780 849 1815 in
887 1779 1031 1816 dilecto
1072 1779 1171 1816 Filio

321 1855 405 1887 suo,
425 1845 462 1881 in
478 1855 555 1890 quo
570 1844 758 1881 habemus
777 1844 1082 1890 redemptionem
1102 1855 1172 1890 per

319 1916 559 1962 sanguinem,
577 1912 673 1957 eills,
698 1915 964 1952 remissionem
994 1918 1172 1960 peccato-

320 1991 414 2023 rum,
443 1980 654 2017 secundum
683 1980 839 2017 divitias
879 1980 1030 2027 gloriae
1073 1990 1170 2016 suae

1203 484 1205 523 l

1296 282 1315 299 Χ

1292 326 1353 381 Xll
1382 326 1499 373 (xm).
1530 324 1579 362 Se
1610 325 1797 371 l'lmpero
1819 325 1996 363 Romano
2013 336 2092 383 non

1237 390 1281 428 fu
1309 390 1347 427 di
1375 390 1518 433 diritto,
1548 391 1572 426 il
1602 392 1766 436 peccato
1785 389 1824 427 di
1845 387 2002 428 Adamo‘
2014 401 2092 428 non

1238 455 1281 492 fu
1297 455 1431 501 punito
1446 455 1483 491 in
1500 454 1645 492 Cristo.
1662 454 1818 500 Questo
1833 456 1964 501 pero'e
1977 454 2107 499 {alsm-
2168 438 2169 442 Ἰ

1203 525 1205 535 ’
1240 520 1394 566 dunque
1424 522 1447 556 ὲ
1479 531 1576 557 vero
1606 520 1629 556 il
1658 531 1732 556 suo
1767 519 2091 559 contraddittorio

1240 585 1290 621 da
1318 585 1378 621 cui
1407 584 1555 621 deriva.
1599 584 1654 621 La
1682 583 1814 621 falsita
1843 584 1906 621 del
1955 594 2091 622 conse·

1239 651 1386 697 guente
1432 650 1463 686 si
1511 648 1698 686 dimostra
1744 650 1857 686 cosi:
1913 648 2092 686 Essendo

1241 715 1306 751 noi
1335 715 1422 751 tutti
1468 714 1665 759 peccatori
1694 724 1765 760 per
1806 714 1830 750 il
1861 715 2025 760 peccato
2055 714 2093 751 di

1241 778 1403 821 Adamo,
1435 778 1609 815 secondo
1638 779 1675 815 le
1700 779 1835 824 parole
1881 777 2093 825 dell’Apo-

1241 838 1346 874 stolo
1384 853 1402 870 α
1418 839 1490 875 elne
1518 838 1548 874 il
1556 842 1728 883 peceato
1757 839 1864 875 entre>
1884 838 1924 875 in
1953 841 2093 884 questo

1242 903 1385 939 mondo
1406 913 1484 948 pet·
1510 902 1573 939 via
1596 902 1639 939 di
1655 913 1708 939 un
1741 903 1804 939 sol
1831 913 1948 940 aomo
1977 913 1999 939 e
2033 903 2098 940 col

1204 978 1206 990 ¹
1234 971 1407 1013 peceato
1426 968 1467 1004 Ια
1486 971 1620 1009 morte,
1642 978 1663 1004 e
1684 968 1768 1004 cosi
1787 961 1828 1004 Ιά
1847 971 1970 1016 morte
1980 968 2087 1005 entro

1241 1027 1281 1064 in
1294 1019 1399 1063 ‘tutti
1422 1026 1482 1073 gli
1492 1026 1649 1068 nomini,
1666 1027 1819 1063 dacem}
1842 1026 1932 1073 tutti
1942 1036 2091 1074 pecca-

1241 1102 1388 1133 ron0»,
1441 1101 1485 1127 se
1526 1090 1571 1127 >di
1617 1092 1759 1137 questo
1805 1092 1969 1137 peccato
2014 1101 2092 1128 non

1241 1157 1273 1192 si
1283 1155 1394 1192 fosse
1405 1155 1499 1192 data
1509 1155 1806 1192 soddisfazione
1823 1166 1896 1192 con
1912 1156 1952 1192 la
1969 1157 2094 1192 morte

1242 1221 1279 1257 di
1296 1219 1447 1263 Cristo‚
1467 1221 1532 1257 noi
1548 1231 1745 1257 saremmo
1773 1231 1843 1266 per
1858 1222 1998 1257 natura
2010 1219 2094 1268 figli
2141 1218 2151 1229 '

1241 1290 1330 1327 dell’
1350 1291 1419 1332 ira,
1466 1290 1552 1327 cioe
1590 1301 1660 1336 per
1701 1291 1739 1326 la
1780 1293 1917 1332 nostra
1951 1288 2096 1328 ‘natura

1241 1349 1470 1395 depravata.
1491 1349 1560 1385 Ma
1589 1350 1649 1385 cio
1679 1359 1756 1386 non
1786 1351 1820 1391 ὲ,
1850 1350 1994 1395 perche
2010 1349 2096 1386 ·1’A-

1241 1409 1400 1454 postolo
1424 1408 1513 1444 dice
1551 1408 1627 1455 agli
1659 1407 1792 1451 Efesii,
1813 1407 2002 1454 parlando
2031 1406 2094 1444 del

1243 1466 1382 1503 Padre:
1416 1481 1434 1500 «
1450 1467 1826 1514 Eglicipredestinb
1840 1467 1880 1504 in
1903 1467 2095 1505 adozione

1243 1526 1286 1563 di
1300 1525 1392 1574 figli
1404 1536 1482 1577 per
1506 1536 1641 1563 mezzo
1669 1526 1712 1563 di
1739 1525 1847 1563 GeSl'l
1877 1526 2016 1568 Cristo,
2035 1515 2100 1563 se-'

1245 1586 1371 1622 condo
1395 1586 1424 1621 il
1449 1585 1645 1631 oroposito
1673 1585 1741 1622 del
1778 1595 1852 1622 suo
1899 1586 2027 1622 volere
2055 1585 2094 1623 in

1244 1642 1333 1681 Iode
1367 1655 1389 1680 e
1423 1644 1550 1691 gloricz
1579 1644 1684 1680 della
1713 1653 1790 1681 sua
1815 1644 1968 1691 grazia,
1989 1643 2093 1682 colla

1245 1704 1364 1749 quale
1381 1704 1562 1750 gratifico
1591 1703 1660 1740 noi
1677 1713 1755 1749 ρει·
1779 1713 1901 1749 opem
1929 1703 1997 1740 del
2019 1712 2094 1745 suo

1244 1757 1376 1794 diletto
1418 1757 1554 1803 Fzglim
1584 1757 1652 1793 nel
1690 1757 1810 1802 quale
1837 1756 2022 1794 abbiamo
2035 1759 2095 1793 ot·
2160 1736 2170 1809 f
2192 1734 2197 1739 ι

1244 1814 1376 1847 temno
1405 1811 1446 1847 la
1473 1810 1707 1847 redenzione
1735 1810 1800 1847 eol
1823 1819 1898 1846 suo
1925 1817 2093 1856 sangae,

1244 1870 1285 1905 Ia
1312 1869 1548 1905 ,remissione
1585 1868 1653 1905 dei
1677 1867 1850 1915 peceati,
1879 1868 2053 1908 secondo
2080 1868 2098 1904 i
2162 1863 2167 1867 ’

1244 1927 1366 1964 tesori
1409 1928 1514 1964 della
1554 1927 1682 1974 gloria
1739 1928 1812 1964 che
1852 1926 1903 1972 fu
1947 1925 2099 1963 in·'n01'

1244 1981 1587 2018 sovrabbondante
1614 1995 1652 2016 ».
1787 1992 1796 2010 1

416 2194 470 2227 ΧΙΙ
497 2195 625 2240 (XIII).
644 2190 823 2228 falsitas
847 2191 1159 2237 consequentis.
1185 2194 1217 2225 ll
1243 2195 1488 2235 conseguentze
1513 2195 1532 2225 ὲ
1561 2205 1578 2223 ιι
1593 2194 1658 2225 ohe
1673 2193 1701 2224 il
1714 2195 1864 2234 peccato
1888 2192 1929 2224 di
1954 2192 2093 2224 Adamo

321 2264 391 2285 ntzn
430 2253 471 2285 fu
509 2254 645 2294 punito
670 2253 708 2284 in
738 2253 908 2285 Cristo».

415 2333 582 2371 Dicente
606 2333 822 2379 Apostolo-
866 2336 986 2377 Epist.
1009 2325 1274 2370 'ad‘Romanoffi
1314 2336 1360 2377 V,
1390 2337 1432 2367 12
1459 2345 1478 2367 e
1504 2345 1539 2367 v.
1579 2335 1710 2367 Parad.
1749 2334 1833 2374 VlI,
1859 2334 1902 2366 84
1929 2342 2010 2374 egg-

416 2415 643 2462 apostolus
667 2414 725 2453 ad
744 2415 963 2461 Ephesios.
989 2418 1018 2457 Ι,
1045 2418 1118 2450 5-8.
