2248 3372
245 207 251 216 ι

191 238 196 246 ·
245 223 1887 240 mewwwwvwwvmvmmv

255 350 259 351 ⁷
296 315 345 352 Et
381 317 526 360 quanto
557 313 707 360 ‘aliquid
745 325 769 350 a
805 313 967 350 maxime
1002 315 1094 349 ente

241 375 460 422 elongatur,
490 375 600 410 tanto
629 375 670 409 et
698 373 747 409 ab
776 383 867 410 esse
897 383 1023 413 unum,
1055 374 1096 408 et

242 445 313 480 per
339 440 586 478 consequens
605 433 655 469 ab
675 442 766 468 esse
790 432 945 468 bonum.
977 431 1096 476 Prop-

230 490 303 524 *ter
329 485 434 532 quod
462 486 498 522 in
528 485 629 522 omni
667 495 814 532 genere
843 495 971 521 rerum
1001 483 1094 520 illud

241 548 304 582 est
331 545 526 591 optimum,
546 544 650 590 quod
679 547 742 580 est
770 543 933 583 maxime
964 554 1092 585 unum,
1130 583 1132 586 y

242 600 285 635 ut
312 597 550 643 philosopho
578 598 708 643 placet
736 598 772 633 in
802 597 860 637 iis,
899 607 1001 642 quae
1031 597 1094 632 De

215 657 469 704 ⁷-simp1ieiter
494 660 594 694 ente.
631 655 743 693 Unde
772 655 818 692 fit
845 655 949 702 quod
980 666 1093 692 unum

241 720 333 747 esse
361 709 516 762 videtur
545 720 635 746 esse
656 709 765 745 radix
793 710 878 745 eius
907 709 1011 754 quod
1033 711 1095 745 est
1129 751 1131 753 ¹

241 779 333 806 esse
361 769 515 811 bonum,
545 771 586 804 et
614 770 732 805 multa
761 779 852 805 esse
873 770 959 814 eius
988 768 1104 814 quod>

229 824 304 874 ,est
332 833 423 859 esse
461 822 613 858 malum.
644 821 734 867 Qua
762 832 805 858 re
845 821 1094 868 Pythagoras

229 881 632 919 ·in.corre1ationibus
669 882 829 918 suis‘ex
858 882 968 927 parte
1002 879 1095 918 bo‘ni

241 935 414 980 ponebat
455 945 581 976 unum,
625 945 674 970 ex
716 937 827 980 parte
866 945 963 970 vero
1007 935 1093 970 mali

241 993 363 1039 piura,
394 995 436 1037 ut
463 995 572 1038 patet
602 994 636 1029 ln
656 994 788 1039 'primo
817 1004 964 1035 eorum,
993 992 1094 1039 quae

242 1047 304 1082 De
322 1046 550 1092 simpliciter
567 1051 667 1097 ente.
688 1046 785 1083 Hinc
805 1046 928 1083 videri
950 1050 1094 1092 potest,

242 1104 347 1151 quod
389 1115 558 1150 peccare,
596 1098 684 1142 nihil
724 1109 786 1142 est
820 1105 938 1147 aliud,
982 1117 1095 1151 quam
1131 1106 1133 1109 ’

242 1163 426 1211 progredi
469 1165 518 1201 ab
562 1175 638 1201 uno
684 1168 820 1210 spreto
863 1165 912 1201 ad
956 1166 1094 1208 multa;

243 1222 348 1268 quod
375 1222 527 1271 quidem
557 1223 764 1260 Psalmista
792 1225 893 1260 bene
923 1224 1094 1266 videbat,

243 1275 407 1324 dicens:
462 1291 479 1308 «
518 1275 552 1312 A
593 1275 719 1313 fructu
770 1276 967 1319 frumenti,
1017 1278 1094 1313 vini

242 1337 284 1370 et
329 1334 405 1372 olei
453 1335 690 1381 multiplicati
729 1339 882 1372 sunt».
923 1335 1094 1373 Constat

241 1394 371 1440 igitur,
409 1394 512 1439 quod
552 1405 664 1431 omne
704 1395 808 1440 quod
838 1399 901 1432 est
937 1397 1094 1439 bonum⁷
1131 1426 1133 1428 ,

242 1463 313 1498 per
340 1452 414 1489 hoc
435 1456 497 1489 est
524 1454 679 1495 bonum,
709 1454 813 1499 quod
844 1455 879 1490 in
901 1466 978 1491 uno
1007 1466 1096 1492 con-

242 1505 356 1542 sistit.
387 1506 434 1542 Et
452 1517 566 1551 quum
595 1507 816 1548 concordia,
847 1508 882 1543 in
912 1511 1116 1553 quantum*

242 1564 471 1606 huiusmodi,
501 1565 551 1601 sit
573 1565 767 1609 quoddam
797 1567 951 1610 bonum,
981 1568 1097 1604 mani-

245 1685 334 1716 uno,
348 1677 542 1721 tamquam
563 1677 597 1712 in
620 1678 775 1723 propria
803 1678 954 1715 radice:
993 1690 1094 1725 quae

244 1727 398 1774 quidem
426 1729 535 1765 radix
565 1731 780 1775 apparebit,
811 1732 841 1768 si
871 1734 1010 1768 natura
1030 1734 1092 1769 vel

243 1787 344 1823 ratio
386 1788 619 1825 concordiae
662 1792 846 1826 sumatur.
887 1791 956 1827 Est
993 1793 1093 1828 enim

227 1840 453 1887 *concordia
506 1841 706 1879 uniformis
757 1846 885 1880 motus
906 1879 909 1883 ,
932 1846 1092 1890 plurium

244 1899 506 1942 voluntatum;
548 1900 586 1936 in
628 1912 704 1947 qua
746 1902 898 1948 quidem
941 1905 1092 1941 ratione

244 1962 407 2003 apparet
427 1959 611 1996 unitatem
627 1961 880 2004 voluntatum,
902 1974 1002 2008 quae
1024 1974 1093 2008 per

1026 148 1156 173 murm
1182 147 1228 174 11.
1426 149 1432 152 ·
1910 139 1976 171 123

1223 311 1254 348 E
1282 314 1428 357 quanto
1459 322 1534 347 una
1555 322 1650 348 cosa
1670 312 1701 348 si
1732 312 1931 348 allontana
1961 312 2023 347 dal

1169 371 1351 408 massimo
1381 373 1472 407 ente
1512 371 1622 407 tanto
1652 371 1682 407 si
1713 372 1913 407 allontana
1942 371 2026 406 dal-

1168 424 1192 460 1‘
1208 435 1321 460 esser
1359 435 1434 460 una
1464 435 1486 460 e
1522 435 1591 469 per
1629 435 1905 470 conseguenza
1944 423 2027 460 dal-

1168 483 1190 520 l'
1208 494 1320 520 esser
1367 484 1523 525 buona;
1572 484 1801 528 perciocche
1850 485 1885 519 in
1934 484 2024 530 ogni

1167 547 1315 584 genere
1347 536 1383 572 di
1405 547 1499 577 cose
1525 539 1546 573 e
1577 537 1712 572 ottima
1742 538 1871 582 quella
1901 538 1971 572 che
2003 539 2025 572 e

1168 597 1482 632 massimamente
1530 607 1618 638 una,
1671 607 1781 632 come
1830 597 1940 641 piace
1989 597 2024 632 al

1167 649 1346 686 Filosofo
1376 650 1479 685 nella
1509 649 1745 685 Metafisica.
1786 649 1833 685 Di
1864 650 1926 694 piu
1957 660 2024 685 av-

1167 709 1282 745 viene
1304 710 1374 745 che
1405 708 1577 751 l‘essere
1608 719 1685 745 ιιηο
1715 710 1869 744 sembra
1895 709 2025 744 radice

1168 767 1398 804 dell'essere
1415 769 1559 811 buono,
1576 768 1624 804 ed
1637 778 1773 804 essere
1783 768 1856 814 ρι’ῐι
1872 770 2026 804 sembra

1168 822 1298 858 radice
1343 821 1432 857 dell'
1449 832 1561 858 esser
1609 823 1720 857 male.
1766 821 1841 857 Per
1885 827 2026 866 questo

1169 881 1356 928 Pitagora
1398 882 1500 917 nelle
1531 892 1601 917 sue
1633 881 1890 917 correlazioni
1922 881 2026 916 dalla

1169 944 1279 985 parte
1310 939 1372 976 del
1410 940 1512 976 bene
1557 942 1729 976 metteva
1760 939 1884 981 l’uno,
1923 940 2027 975 dalla

1169 997 1279 1039 parte
1310 994 1371 1031 del
1403 994 1503 1029 male
1534 995 1542 1029 i
1575 994 1651 1039 piu,
1682 1004 1791 1029 come
1822 994 1853 1029 si
1884 1004 2026 1039 scorge

1169 1053 1231 1089 dal
1263 1053 1359 1089 libro
1403 1053 1524 1098 primo
1564 1053 1668 1089 della
1706 1052 1942 1089 Metafisica.
1975 1052 2022 1088 Di

1169 1106 1231 1152 qui
1261 1106 1293 1142 si
1314 1107 1391 1151 pub
1421 1107 1568 1143 vedere
1599 1108 1668 1142 che
1700 1117 1864 1151 peccare
1895 1117 1971 1142 non
2003 1108 2025 1141 e

1169 1167 1270 1202 altro
1286 1167 1356 1202 che
1374 1176 1536 1211 passare
1562 1165 1751 1217 daffuno,
1778 1166 2026 1210 disprezzan-

1169 1219 1273 1261 dolo,
1291 1220 1324 1254 ai
1343 1219 1461 1258 molti,
1474 1219 1534 1254 cio
1551 1220 1622 1255 che
1638 1220 1714 1255 ben
1731 1219 1886 1255 vedeva
1903 1220 1927 1255 il
1944 1218 2027 1256 Sal-

1169 1279 1282 1314 mista
1312 1278 1498 1314 dicendo:
1551 1278 1663 1314 «Dal
1697 1277 1819 1314 frutto
1858 1277 1919 1314 del
1952 1277 2027 1313 fru-

1170 1336 1311 1373 mento,
1351 1332 1413 1368 del
1443 1332 1535 1368 vino
1574 1343 1595 1368 e
1635 1331 1820 1368 dell'olio
1863 1333 1894 1367 si
1925 1342 2025 1368 sono

1169 1391 1406 1436 moltiplicati
1429 1407 1464 1426 ».
1496 1382 1527 1426 Ε
1556 1391 1711 1436 dunque
1742 1391 1932 1427 assodato
1954 1393 2025 1428 che

1169 1452 1271 1486 tutto
1291 1450 1351 1486 cio
1372 1450 1456 1486 ch'e
1479 1451 1608 1487 buono
1630 1453 1652 1486 e
1674 1452 1751 1486 tale
1775 1452 1914 1496 perche
1937 1461 2027 1486 con-

1167 1504 1263 1540 siste
1294 1515 1339 1540 su
1361 1503 1505 1539 l'unita.
1534 1504 1714 1540 Essendo
1740 1505 1776 1539 la
1801 1504 2023 1545 concordia,

1131 1591 1133 1594 ,
1168 1563 1203 1598 in
1225 1567 1372 1608 quanto
1393 1565 1415 1598 e
1436 1564 1527 1604 tale,
1558 1574 1608 1599 un
1628 1564 1742 1603 bene,
1769 1565 1790 1599 e
1818 1562 2026 1599 manifesto

242 1615 385 1660 festum
414 1620 477 1654 est
499 1619 621 1662 ipsam
651 1619 868 1656 consistere
898 1621 933 1655 in
965 1621 1094 1666 aliquo
1131 1616 1132 1619 ’

1168 1622 1238 1657 che
1255 1632 1347 1658 essa
1359 1633 1453 1666 pure
1466 1621 1566 1657 deve
1584 1621 1801 1658 consistere
1814 1621 1849 1657 in
1862 1621 2025 1667 qualche

1169 1675 1286 1716 unita,
1325 1685 1436 1711 come
1475 1676 1579 1711 nella
1617 1675 1774 1720 propria
1812 1675 1964 1717 radice3
2003 1686 2032 1712 e

1167 1736 1308 1778 questa
1337 1734 1467 1770 radice
1507 1735 1538 1770 si
1578 1734 1759 1775 rivelera‚
1789 1745 1834 1770 se
1864 1735 1896 1770 si
1926 1745 2027 1771 com-

1168 1793 1315 1837 prenda
1345 1794 1383 1828 ia
1411 1796 1550 1829 natura
1571 1804 1592 1829 e
1614 1794 1637 1829 il
1661 1793 1776 1829 modo
1806 1794 1909 1829 della
1937 1804 2028 1829 con-

1167 1846 1313 1882 cordia.
1344 1847 1398 1882 La
1419 1846 1781 1891 concordiapdifatti
1803 1849 1824 1883 e
1846 1858 1894 1882 un
1919 1850 2025 1884 moto

1129 1922 1133 1940 ι
1168 1905 1359 1942 uniforme
1402 1906 1439 1942 di
1478 1907 1542 1952 piu
1584 1907 1759 1948 volonta,
1803 1908 1865 1942 nel
1909 1907 2024 1952 quale

1167 1975 1313 2010 appare
1356 1966 1427 2001 che
1476 1965 1498 2001 1‘
1516 1966 1622 2001 unita
1673 1966 1734 2001 dei
1789 1966 1924 2007 voleri,
1954 1966 2025 2002 che

339 2166 440 2204 illud
461 2167 528 2204 est
550 2169 740 2214 optimum
767 2171 879 2216 quod
901 2173 968 2209 est
991 2174 1162 2211 maxIme
1188 2185 1364 2212 unum...
1403 2178 1480 2210 osv.
1510 2179 1561 2210 De
1606 2180 1751 2219 vulgari
1777 2181 1871 2220 eloq.
1911 2180 1936 2211 Ι.
1971 2181 2023 2213 16.

250 2227 336 2266 «Jn
361 2237 511 2260 numero
536 2234 665 2262 onnam
693 2237 952 2264 mensurantur
976 2244 1062 2277 uno,
1091 2238 1128 2267 et
1154 2236 1260 2276 plura
1280 2237 1345 2282 „vel
1384 2238 1559 2278 pauciora
1599 2239 1787 2277 dicuntur,
1806 2239 2026 2288 ‘saecundum

244 2286 340 2327 quod
366 2287 506 2319 discant
533 2289 577 2319 ab
603 2299 674 2320 nno
702 2291 759 2322 vel
785 2292 818 2322 ei
843 2294 1104 2334 propinquant.
1131 2294 1207 2327 (ἐή.
1237 2297 1386 2328 *Summa
1411 2297 1524 2331 theol.
1555 2298 1582 2336 1,
1609 2308 1644 2338 q.
1674 2298 1753 2338 2,;ι.
1783 2300 1814 2329 1.
1843 2309 1876 2329 ».

338 2363 543 2413 91‘12901'3,
573 2371 714 2403 filosofi)
739 2374 970 2407 nobilissimo
997 2377 1142 2409 vissuto
1167 2378 1225 2410 nol
1254 2380 1376 2418 bempo
1417 2380 1523 2420 quasi
1560 2381 1628 2412 ohe
1671 2381 1791 2412 Numa
1831 2381 2025 2421 Putnpiiio,

243 2428 399 2460 secondo
425 2438 462 2460 re
487 2429 543 2460 (le'
570 2430 724 2463 Romani
751 2431 880 2475 (Couv.
911 2434 981 2476 ΙΙΙ,
1013 2435 1070 2478 11)
1097 2446 1240 2476 ponem.
1265 2437 1293 2469 li
1319 2438 1494 2480 principii
1532 2438 1627 2471 delh
1666 2450 1748 2471 cose
1791 2440 1950 2471 nzximirri
1990 2440 2026 2471 Io

244 2486 322 2525 pari
349 2496 368 2518 e
391 2487 429 2518 lo
454 2488 607 2528 dispari,
632 2491 810 2524 consider·
802 2493 897 2524 ·mdo
923 2495 1019 2526 tunt«
1045 2494 1079 2526 le
1105 2505 1187 2526 cose
1212 2506 1311 2528 esser
1336 2507 1486 2529 numero
1512 2499 1619 2545 (ibid.
1648 2499 1682 2529 11
1713 2499 1786 2542 13).
1818 2499 1979 2539 §Itmttph
1998 2499 2026 2534 Ι.

243 2545 279 2578 5.
307 2544 441 2577 Eorum
467 2551 588 2579 annm
614 2549 678 2580 alii
706 2550 836 2585 ‹linunt›
861 2552 984 2584 danem
1011 2563 1090 2586 esse
1115 2555 1300 2595 principia
1327 2557 1385 2588 vel
1411 2558 1655 2589 coi-relatione
1685 2559 1847 2589 indictam
1877 2559 2022 2588 finiuit-u

244 2604 282 2635 et
306 2603 504 2644 infinitum,
531 2607 654 2647 impar
673 2618 749 2648 par,
773 2619 882 2643 «antam
902 2611 1051 2651 plurale,
1078 2613 1247 2645 dextrum
1274 2615 1480 2657 sinistrum,
1511 2617 1755 2648 masculinnm
1791 2616 2022 2658 femininum,

244 2661 432 2702 quiescens
458 2667 607 2705 motum,
634 2669 771 2700 rentum
809 2679 976 2707 ourvum,
1011 2671 1128 2703 lucem
1170 2674 1349 2714 cenem-ss,
1388 2676 1510 2706 bonisne
1551 2675 1918 2716 nzaleme,qu1dmn
1910 2675 2024 2707 nlare

247 2720 394 2762 ,ongiufl
420 2723 538 2756 altera
563 2728 677 2765 parte.

338 2798 560 2840 psalmista
585 2805 690 2842 bene
716 2805 888 2844 videbat.
918 2810 1038 2842 salmo
1065 2811 1127 2850 ιν,
1154 2816 1186 2844 ⁸.
