2248 3372
274 168 338 199 104
710 153 734 165 ''
768 175 808 198 11.
833 173 1036 198 TnAr'rAro
1060 173 1192 198 natm
1219 174 1456 201 uolumina

231 252 257 262 „V
265 253 293 262 νγ
301 253 330 260 x„
338 251 559 260 „xrere<ss»ae

276 340 333 376 Vll
351 340 438 386 (1x).
455 339 639 384 Amplius,
657 340 823 375 humana
839 338 1073 375 universitas

223 408 284 441 est
303 404 496 450 quoddam
517 406 639 440 totum
664 403 713 440 ad
733 403 919 449 quasdam
941 406 1074 448 partes
1109 439 1111 442 .

178 520 180 522 Ι
222 474 262 506 et
282 473 343 505 est
370 469 560 515 quaedam
592 479 682 514 pars
713 469 762 504 ad
791 468 984 514 quoddam
1015 470 1073 504 to·
1109 511 1111 513 Ι

220 537 311 570 tum.
361 533 431 570 Est
472 534 571 570 enim
618 533 811 579 quoddam
858 535 980 569 totum
1023 532 1073 568 ad
1109 546 1110 570 3

221 609 344 646 regna
387 598 645 644 particularia,
679 598 802 634 ettad
835 600 988 645 gentes,
1033 602 1074 633 ut

221 670 425 715 superiora
453 669 685 712 ostendunt;
724 673 763 705 et
792 671 854 705 est
882 667 1071 714 quaedam

221 799 270 835 de
291 810 334 836 se
356 798 612 835 manifestum.
641 798 750 835 Sicut
771 809 867 845 ergo
888 797 1073 834 inferiora

223 996 318 1037 dere
339 1000 388 1037 ad
409 1011 519 1037 suum
543 1005 677 1037 totum.
709 1000 848 1037 Partes
869 1001 953 1036 eius
972 1001 1073 1037 bene

223 1066 466 1112 respondent
503 1066 552 1102 ad
582 1067 702 1111 ipsam
732 1077 801 1111 per
835 1076 948 1102 unum
978 1065 1075 1111 prin·
1110 1069 1111 1113 J

224 1131 360 1177 cipium
390 1133 549 1173 tantum,
581 1136 621 1167 ut
641 1142 690 1167 ex
709 1131 975 1176 superioribus
995 1131 1074 1166 col-

224 1197 289 1243 ligi
319 1199 452 1242 potest
479 1196 527 1232 de
558 1195 680 1232 facili:
716 1206 813 1242 ergo
843 1199 883 1232 et
911 1196 996 1241 ipsa
1025 1195 1074 1231 ad

222 1267 345 1313 ipsum
379 1267 612 1307 universum,
651 1267 734 1303 sive
765 1267 814 1303 ad
852 1267 936 1303 eius
975 1267 1074 1312 prin-

226 1333 362 1378 cipem,
404 1333 466 1378 qui
511 1332 619 1369 Deus
661 1335 723 1369 est
765 1337 805 1368 et
847 1332 1074 1372 Monarcha,

224 1398 447 1443 simpliciter
473 1399 574 1434 bene
613 1397 826 1443 respondet
864 1407 932 1446 per
962 1407 1075 1433 unum

223 1463 445 1508 principium
462 1451 621 1504 tantum,
643 1462 791 1499 scilicet
805 1462 955 1498 unicum
979 1461 1077 1506 prin·

228 1528 363 1573 cipem.
403 1527 459 1563 Ex
487 1538 564 1573 quo
593 1528 768 1573 sequitur
810 1527 1075 1563 Monarchiam

224 1593 486 1630 necessariam
516 1593 669 1635 mundo,
699 1594 740 1628 ut
768 1593 869 1629 bene
899 1592 959 1628 sit.

277 1688 353 1724 Vlll
397 1689 470 1734 (x).
515 1687 562 1723 Et
599 1698 712 1724 omne
755 1687 847 1723 illud
889 1688 990 1723 bene
1032 1696 1076 1722 se

225 1753 345 1789 habet
381 1759 421 1788 et
459 1753 614 1797 optime,
653 1752 757 1797 quod
795 1763 839 1788 se
873 1752 991 1788 habet
1019 1761 1078 1787 se-

227 1817 389 1854 cundum
419 1817 670 1853 intentionem
691 1817 797 1862 primi
828 1817 994 1863 agentis,
1013 1816 1076 1861 qui

226 1887 335 1924 Deus
364 1891 436 1924 est.
477 1887 525 1923 Et
553 1889 625 1923 hoc
663 1890 725 1924 est
759 1898 829 1932 per
857 1897 901 1923 se
931 1891 1075 1928 notum,

225 1953 297 1989 nisi
318 1952 420 1997 apud
446 1956 638 1999 negantes
667 1934 833 1988 divinam
863 1935 1075 1988 bonitatem

1201 339 1260 375 Vll
1289 339 1381 386 (tx).
1419 338 1561 376 lnoltre
1591 339 1770 382 l’umana
1798 339 1949 376 societ&
1977 341 2001 377 ὲ

1147 408 1257 434 come
1286 409 1335 435 un
1365 400 1467 435 tutto
1501 399 1666 445 rispetto
1696 409 1719 435 a
1748 400 1858 435 certe
1876 399 2001 444 sparti,

1147 456 1196 492 ed
1217 457 1293 492 alla
1321 467 1393 494 sua
1413 458 1522 494 volta
1550 459 1572 494 ὲ
1595 466 1671 494 una
1691 458 1802 503 parte
1833 457 1998 503 rispetto

1147 521 1196 558 ad
1216 532 1265 558 un
1286 524 1400 559 tutto.
1431 513 1462 558 Ε
1491 521 1615 558 infatti
1640 533 1689 558 un
1711 523 1814 558 tutto
1833 522 2000 567 rispetto

1147 581 1181 616 ai
1220 582 1329 628 regni
1367 581 1588 627 particolari
1626 580 1676 617 ed
1715 581 1807 617 alle-
1830 581 1997 623 nazioni,

1145 650 1255 676 come
1277 641 1314 676 10
1343 640 1583 676 dimostrano
1612 640 1648 676 le
1669 650 1763 676 cose
1782 632 1903 676 ⁴dette
1932 640 1998 686 piu

221 745 312 780 pars
341 734 389 770 ad
419 736 540 770 totum
570 734 809 770 universum:
840 737 880 770 et
908 735 981 770 hoc
1010 735 1073 769 est
1146 709 1276 744 sopm'
1306 699 1355 735 ed
1376 701 1398 735 ὲ
1418 709 1494 735 una
1523 702 1633 744 parte
1662 699 1828 744 nspesto
1852 709 1876 735 a
1895 701 2001 757 mtt9

1146 763 1386 807 l‘universo;
1415 775 1436 800 e
1467 767 1609 809 questo
1639 765 1661 799 e
1691 773 1762 808 per
1791 773 1836 799 se
1867 765 2000 800 stesso

487 864 493 870 ,
594 865 600 870 ,
666 864 673 871 ,
1108 833 1110 837 ·
1146 823 1341 859 evidente.
1372 822 1496 859 Come
1525 824 1707 868 pertanto
1736 823 1773 858 18
1803 822 1999 859 comunita

220 865 411 900 humanae
432 866 697 900 universntatis
717 865 817 900 bene
834 863 1074 908 respondent
1108 895 1110 898 .

223 929 271 966 ad
292 930 426 975 ipsam,
459 929 513 966 sic
534 930 618 974 ipsa
637 930 738 966 bene
768 929 887 965 debet
915 939 1074 974 respon·
1108 930 1111 939 ’

1147 881 1318 919 inferiori
1348 882 1562 918 all'umana
1598 882 1753 918 totalita
1782 881 1884 918 bene
1913 891 2001 918 cor-

1147 941 1386 986 rispondono
1416 941 1465 978 ad
1494 951 1597 983 essa,
1627 941 1709 978 cosi
1755 940 1857 976 bene
1899 939 2001 976 deve

1147 1016 1238 1043 essa
1276 1005 1574 1051 corrispondere
1616 1006 1651 1041 al
1686 1015 1759 1055 suo
1787 1006 1903 1041 tutto.
1945 1004 2000 1041 Le

1147 1076 1217 1101 sue
1247 1065 1344 1111 parti
1365 1066 1466 1101 bene
1496 1063 1808 1110 corrispondono
1838 1063 2002 1109 amessa

1148 1135 1217 1170 per
1246 1135 1294 1160 un
1339 1125 1426 1160 solo
1469 1123 1668 1169 principio,
1712 1132 1822 1159 come
1861 1122 1893 1158 si
1922 1123 2000 1167 pub

1147 1182 1370 1219 facilmente
1387 1183 1415 1218 ri
1423 1186 1543 1218 trarre
1561 1182 1663 1218 dalle
1683 1191 1778 1218 cose
1790 1180 2002 1226 anzidette3

1147 1247 1301 1293 dunque
1331 1258 1422 1283 essa
1451 1250 1582 1283 stessa
1610 1247 1712 1283 bene
1742 1244 1998 1291 corrisponde

1148 1305 1210 1343 all’
1227 1306 1423 1347 universo,
1462 1306 1569 1342 ossia
1596 1306 1634 1341 al
1664 1315 1737 1341 suo
1767 1304 1945 1349 Principe
1975 1314 1998 1339 e

1110 1393 1113 1398 .
1148 1366 1350 1407 Monarca,
1384 1364 1476 1401 ch‘e
1506 1355 1593 1405 Dio,
1631 1373 1702 1409 per
1730 1372 1780 1399 un
1810 1362 1999 1408 principio

1148 1426 1335 1466 soltanto,
1373 1424 1459 1460 cioe
1489 1434 1558 1469 per
1587 1433 1636 1459 un
1666 1422 1780 1459 unico
1810 1421 2000 1466 Principe.

1150 1490 1264 1526 Dalla
1292 1490 1380 1535 qual
1401 1499 1496 1525 cosa
1515 1489 1547 1525 si
1577 1487 1727 1524 deduce
1756 1486 1828 1523 che
1856 1486 1895 1522 la
1917 1485 2002 1522 Mo-

1112 1585 1113 1588 ,
1151 1549 1307 1585 narchia
1335 1550 1358 1584 ὲ
1386 1547 1611 1584 necessaria
1640 1547 1675 1582 al
1705 1544 1848 1582 mondo
1877 1554 1948 1590 per
1977 1543 2001 1580 il

1154 1619 1226 1645 suo
1255 1609 1482 1644 benessere.

1204 1708 1278 1745 Vlll
1300 1708 1373 1753 (x).
1399 1705 1472 1743 Sta
1491 1706 1604 1747 bene,
1625 1704 1711 1741 anzi
1730 1703 1997 1747 ottimzmente

1150 1770 1251 1804 tutto
1281 1767 1340 1803 cio
1361 1766 1432 1802 che
1452 1767 1514 1801 sta
1542 1753 1716 1801 secondo
1746 1761 2000 1799 l’intenzione

1150 1826 1211 1862 del
1234 1824 1547 1871 primoFattore,
1568 1822 1659 1859 ch‘e
1689 1822 1776 1858 Dio.
1809 1820 2001 1866 Equesto
2040 1863 2041 1868 ¹

1150 1893 1172 1927 ὲ
1202 1894 1296 1927 noto
1326 1901 1395 1935 per
1422 1891 1479 1930 se,
1518 1887 1679 1924 fuorche
1707 1897 1731 1922 a
1763 1886 1899 1922 coloro
1927 1884 1999 1920 che

1149 1959 1304 1996 negano
1343 1949 1412 1984 che
1443 1948 1480 1983 la
1516 1947 1646 1982 divina
1682 1945 1803 1981 bonta
1832 1945 1945 1980 tocca
1973 1942 1998 1978 il

324 2196 378 2229 vll
406 2195 493 2238 (lx).
523 2193 638 2229 Arist.
667 2195 753 2227 Eth.
784 2195 945 2232 VI,1‹÷012.
973 2194 1023 2225 7³.
1037 2193 1103 2224 Est
1117 2193 1227 2224 etiam
1242 2189 1546 2223 considerandum
1560 2187 1658 2229 quod
1683 2187 1770 2228 quia
1794 2187 1914 2217 totum
1939 2182 2014 2216 ests

226 2256 470 2297 principalius
507 2259 609 2295 parte
634 2256 670 2286 et
695 2264 760 2294 per
796 2262 1019 2293 consequens
1055 2253 1190 2284 civitas
1227 2260 1335 2292 quam
1373 2250 1513 2289 domus,
1543 2249 1580 2279 et
1605 2247 1734 2278 domus
1770 2254 1880 2286 quam
1907 2252 2001 2274 unus

227 2315 345 2354 homo,
383 2316 526 2354 oportet
562 2314 659 2354 quod
699 2313 893 2353 prudentia
924 2312 1088 2352 politica
1129 2312 1183 2342 est
1224 2308 1466 2349 principalior
1503 2316 1610 2347 «piam
1651 2303 1883 2336 oeconomica
1918 2301 2001 2344 (ohe

228 2373 402 2414 riguarda.
427 2373 504 2404 solo
531 2373 566 2404 la
592 2372 771 2412 famiglia,
798 2380 898 2402 001110
924 2371 959 2402 10
985 2370 1066 2402 dice
1092 2368 1373 2408 l'etimologia).

325 2455 396 2488 Vlll
422 2455 473 2497 (x)
496 2452 616 2498 primi
637 2451 809 2497 ayenffl's.
838 2453 908 2484 Dio
933 2454 952 2484 e
978 2461 1089 2484 causa
1114 2452 1232 2491 prima
1256 2449 1341 2481 dell'
1355 2457 1484 2487 essere,
1510 2444 1828 2478 universalissima
1841 2442 1995 2483 oagione

227 2515 265 2547 di
290 2517 387 2547 tutte
414 2514 447 2546 le
472 2523 554 2545 cose
579 2513 709 2555 (Couv,
738 2513 807 2554 III,
837 2512 902 2553 6·l,
931 2511 1113 2543 altissimo
1154 2519 1173 2541 e
1202 2507 1469 2550 gloriosissimo
1507 2505 1726 2536 seminatore
1764 2504 1821 2534 sia
1857 2511 1922 2542 per
1962 2501 1998 2532 ln

163 2588 165 2590 >
228 2574 415 2606 ereazione
440 2573 652 2604 immediata
676 2572 743 2603 0110
768 2581 832 2611 per
856 2570 980 2611 quella
1005 2569 1176 2601 mediata..
1204 2568 1324 2607 Epist.
1351 2565 1455 2599 XIII.
