2248 3372
290 157 356 190 124
369 169 373 171 “
502 179 507 186 ·
773 165 825 188 η’
838 164 1041 188 ΤΚΑΤΤΑΤΟ
1067 164 1197 188 BELLA
1222 164 1460 190 MONARCRIA

1126 254 1130 323 Ι

239 327 467 364 uniformem
498 330 641 364 motum
661 327 776 364 datur
799 328 974 374 intelligi,
1004 338 1092 364 con·
1127 326 1130 380 Ῐ
1167 329 1189 363 e
1209 327 1304 364 dato
1323 330 1604 374 comprendere
1620 330 2016 368 dall’uniformitadel

237 386 394 423 cordiae
423 387 592 423 radicem
622 397 727 429 esse,
760 387 822 424 vel
853 387 975 433 ipsam
1005 397 1093 423 con-

237 446 419 482 cordiam.
458 446 554 482 Nam
584 446 684 483 sicut
712 447 844 492 plures
872 447 1012 493 glebas
1041 446 1092 482 di-

236 515 414 542 ceremus
434 504 652 542 concordes
671 507 832 551 propter
851 505 1091 541 condescen-

236 564 330 600 dere
375 559 512 600 omnes
556 563 605 600 ad
649 564 824 606 medium,
877 566 917 600 et
959 564 1092 609 plures

237 622 414 659 flammas
455 624 616 668 propter
653 623 919 659 coascendere
955 633 1091 669 omnes

237 681 287 718 ad
316 681 677 723 circumferentiam,
707 682 739 718 si
768 683 987 718 voluntarie
1017 682 1090 718 hoc

235 739 430 783 iacerent;
451 741 505 776 ita
524 741 701 790 homines
721 741 853 786 plures
872 741 1091 778 concordes

234 799 407 842 dicimus,
437 802 598 845 propter
640 800 749 835 simul
780 800 926 836 moveri
956 810 1091 836 secun-

237 858 325 894 dum
356 858 458 894 velle
488 857 537 894 ad
567 869 694 900 unum,
728 859 832 904 quod
861 862 923 895 est
950 858 1090 895 forma-

234 916 321 953 liter
341 917 378 952 in
398 917 676 958 voluntatibus,
707 919 806 954 sicut
825 919 994 964 qualitas
1013 929 1089 955 una

234 975 451 1012 formaliter
479 977 515 1012 in
545 977 684 1023 glebis,
715 977 864 1014 scilicet
891 978 1088 1024 gravitas;

234 1037 276 1070 et
294 1045 371 1070 una
391 1035 427 1070 in
447 1034 625 1077 flammis,
646 1036 789 1072 scilitet
809 1037 973 1073 levitas·
990 1036 1087 1073 Nam

231 1094 357 1130 virtus
384 1094 546 1130 volitiva
589 1095 764 1139 potentia
792 1095 983 1141 quaedam
1013 1098 1086 1138 est,

233 1152 304 1188 sed
346 1153 502 1198 species
543 1154 634 1190 boni
673 1155 918 1200 apprehensi,
960 1154 1086 1192 forma

234 1217 296 1247 est
315 1212 419 1248 eius:
450 1223 550 1257 quae
571 1213 724 1258 quidem
744 1212 881 1256 forma,
903 1215 1085 1259 quemad—

233 1270 384 1306 modum
423 1276 464 1307 et
492 1272 605 1313 aliae,
650 1283 726 1308 una
756 1273 791 1308 in
821 1284 866 1310 se
908 1274 1085 1319 multipli-

232 1331 354 1370 catur,
386 1330 596 1366 secundum
627 1331 987 1377 multiplicationem
1012 1343 1087 1368 ma-

231 1389 356 1425 teriae
377 1389 612 1434 recipientis,
638 1392 679 1426 ut
698 1391 824 1427 anima
844 1394 885 1427 et
904 1402 1086 1428 numerus
1121 1403 1123 1426 ς

231 1450 272 1484 et
300 1448 401 1484 aliae
439 1446 589 1484 formae
628 1450 898 1495 compositioni
937 1451 1085 1487 contin-

230 1509 383 1553 gentes.

284 1565 354 1601 His
409 1567 646 1610 praemissis,
703 1570 864 1613 propter
910 1569 1085 1605 declara-

230 1625 374 1660 tionem
421 1625 680 1662 assumendae
723 1627 1003 1672 propositionis
1036 1628 1085 1664 ad

230 1684 483 1729 propositum,
514 1684 568 1721 sic
599 1688 796 1732 arguatur:
831 1685 971 1724 Omnis
998 1698 1087 1724 con-

229 1742 363 1778 cordia
392 1742 591 1788 dependet
620 1745 668 1780 ab
698 1744 859 1786 unitate,
893 1757 994 1791 quae
1023 1749 1086 1783 est

228 1801 265 1836 in
298 1801 586 1845 voluntatibus;
623 1813 750 1849 genus
787 1804 990 1842 humanum
1020 1816 1086 1851 op-

228 1860 322 1895 time
342 1871 386 1896 se
404 1861 553 1897 habens
569 1863 631 1897 est
650 1862 840 1907 quaedam
861 1863 1083 1908 concordien

229 1929 316 1955 nam
370 1919 468 1955 sicut
522 1930 620 1956 unus
672 1922 787 1957 homo
841 1923 984 1967 optime
1038 1934 1082 1959 se

229 1978 389 2020 habens,
433 1982 474 2015 et
510 1982 693 2024 quantum
736 1981 785 2016 ad
828 1981 1003 2024 animam,
1042 1986 1082 2020 et

1167 382 1286 424 moto,
1328 383 1351 417 e
1380 382 1417 418 la
1445 382 1575 419 radice
1618 382 1722 419 della
1754 383 1964 421 concordia
1989 395 2016 421 o

1167 434 1308 480 meglio
1330 435 1368 470 la
1395 437 1526 472 stessa
1555 435 1777 472 concordia.
1807 435 1932 473 Come
1951 438 2015 474 noi

1165 486 1352 524 diremmo
1389 488 1571 525 concordi
1610 489 1673 535 piu
1707 490 1807 526 zolle
1844 489 1882 526 di
1911 492 2018 527 terra

1165 540 1307 585 perche
1335 542 1435 577 tutte
1464 542 1638 578 tendono
1666 543 1702 578 al
1732 546 1880 586 centro,
1908 554 1932 579 e
1951 543 2016 589 piu

1163 591 1318 629 tiamme
1352 594 1495 639 perche
1523 597 1623 631 tutte
1652 595 1826 632 tendono
1854 595 2015 639 all’alto,

1164 656 1208 682 se
1232 649 1373 691 questo
1401 646 1605 684 facessere
1624 648 1661 684 di
1682 649 1767 685 loro
1796 651 2015 695 spontanea
2028 684 2038 687 ,μ

1163 699 1348 743 volonta3
1395 702 1477 736 cosi
1519 700 1683 737 diciamo
1725 701 1908 739 concordi
1950 702 2015 748 piu

1163 753 1318 795 uomini,
1361 754 1503 798 perche
1546 755 1577 790 si
1621 765 1818 791 inuovono
1859 755 1948 791 tutti
1975 755 2014 792 di

1163 806 1249 842 loro
1278 806 1441 842 volonta
1469 818 1588 843 verso
1609 818 1684 843 una
1703 808 1790 844 sola
1819 818 1914 844 cosa
1941 808 2014 844 che

1163 860 1186 894 e
1232 857 1503 896 formalmente
1545 861 1646 896 nelle
1690 861 1775 897 loro
1822 862 1985 898 volonta
2005 871 2023 904 ;·

1163 922 1272 948 come
1300 911 1571 949 formalmente
1601 914 1636 949 vi
1667 915 1690 951 e
1719 913 1897 958 un’unica
1924 925 2015 960 qua-

1124 981 1127 1002 a
1163 964 1230 1000 lita
1259 965 1362 1001 nelle
1391 966 1492 1002 zolle
1521 965 1558 1002 di
1588 971 1705 1007 terra,
1748 967 1836 1004 cioe
1864 967 1902 1004 la
1929 977 2015 1014 gra-

1162 1018 1264 1060 vita;
1293 1017 1343 1054 ed
1363 1029 1440 1054 una
1470 1019 1581 1055 unica
1610 1020 1712 1056 nelle
1731 1019 1898 1062 fiamine,
1926 1020 2013 1067 cioe

1161 1071 1198 1106 la
1222 1071 1468 1118 leggerezza.
1499 1072 1555 1108 La
1582 1072 1684 1109 virtu
1703 1073 1866 1109 volitiva
1893 1075 1917 1109 e
1937 1083 2014 1109 una

1161 1126 1341 1168 potenza,
1386 1126 1534 1161 mentre
1574 1126 1610 1161 la
1644 1125 1775 1171 specie
1819 1125 1882 1162 del
1911 1126 2012 1162 bene

1160 1187 1330 1222 appreso
1372 1179 1394 1214 e
1438 1179 1475 1213 la
1517 1189 1588 1214 sua
1630 1178 1766 1221 forma,
1796 1180 1867 1215 che
1909 1179 2013 1216 nella

1159 1237 1290 1272 stessa
1310 1236 1481 1272 maniera
1501 1237 1603 1273 delle
1634 1238 1732 1273 altre
1752 1238 1784 1274 si
1805 1238 2014 1283 moltipllca

1160 1289 1195 1324 in
1231 1290 1276 1324 se
1309 1289 1485 1326 secondo
1510 1291 1547 1325 la
1566 1290 1889 1335 multiplicazione
1908 1290 2013 1327 della

1160 1342 1321 1377 materia
1359 1343 1430 1378 che
1468 1343 1611 1383 riceve.
1650 1353 1760 1380 come
1799 1343 1822 1380 l'
1834 1344 1960 1380 anima
1987 1354 2011 1380 e

1158 1395 1182 1430 il
1212 1405 1373 1431 numero
1402 1406 1424 1431 e
1450 1396 1485 1430 le
1515 1397 1613 1431 altre
1641 1395 1766 1432 forme
1784 1397 1866 1446 *che
1887 1400 2013 1441 parte-

1121 1452 1123 1476 ὲ
1159 1448 1298 1493 cipano
1349 1447 1411 1484 del
1455 1452 1671 1494 composto.
1714 1448 1828 1486 Fatte
1869 1451 2010 1494 queste

229 2039 411 2082 quantum
459 2038 509 2074 ad
555 2033 710 2084 corpus,
763 2043 824 2076 est
871 2041 1080 2083 concordia

1159 1511 1359 1546 premesse
1389 1502 1470 1537 atte
1500 1512 1523 1536 a
1551 1501 1766 1538 dichiarare
1808 1502 1845 1537 la
1874 1512 2011 1547 propo—

1159 1560 1308 1596 sizione
1355 1559 1406 1596 da
1453 1571 1653 1596 assumere
1697 1571 1766 1606 per
1807 1561 1830 1596 il
1873 1563 2011 1597 nostro

1159 1613 1376 1658 proposito,
1407 1613 1438 1649 si
1468 1613 1639 1658 proceda
1653 1615 1736 1650 cosi
1755 1614 1818 1650 nel
1834 1613 2013 1660 ragiona-

1160 1667 1311 1702 mento:
1343 1665 1448 1713 Ogni
1476 1666 1687 1702 concordia
1711 1665 1879 1712 dipende
1907 1666 2011 1703 dalla

1159 1719 1266 1755 unita
1313 1719 1375 1755 dei
1418 1719 1563 1762 voleri;
1609 1719 1633 1755 il
1676 1729 1824 1766 genere
1858 1728 2010 1761 umano,

1158 1772 1314 1817 quando
1357 1772 1387 1808 si
1431 1774 1545 1809 trova
1581 1773 1695 1814 bene,
1738 1774 1761 1808 e
1802 1771 2011 1815 concorde,

1159 1825 1301 1869 perche
1338 1836 1449 1862 come
1488 1836 1535 1861 un
1575 1826 1663 1862 solo
1701 1836 1817 1863 uomo
1853 1825 2010 1870 quando

1158 1884 1307 1919 trovasi
1359 1884 1459 1920 bene
1502 1894 1572 1929 per
1610 1883 1632 1919 l'
1649 1885 1775 1920 anima
1808 1895 1831 1920 e
1874 1894 1944 1929 per
1984 1884 2008 1919 il

1143 1946 1289 1981 corpo,
1310 1937 1535 1972 costituisce
1556 1946 1632 1973 una
1650 1936 1906 1979 concordia3e
1925 1937 2008 1972 cosi

1156 1989 1276 2026 dicasi
1324 1988 1360 2025 di
1422 1999 1498 2026 una
1543 1999 1647 2030 casa,
1691 1989 1729 2026 di
1779 1999 1855 2025 una
1901 1989 2007 2031 cittii,

1156 2042 1191 2078 di
1222 2053 1270 2078 un
1299 2053 1475 2089 regno‚e
1504 2043 1586 2078 cosi
1615 2042 1651 2078 di
1680 2044 1782 2078 tutto
1807 2042 1830 2078 il
1858 2048 2007 2088 genere

322 2247 543 2284 concordia
569 2248 783 2290 uniformis
806 2250 952 2288 motus.
982 2254 1110 2285 Thom.
1139 2255 1207 2295 Aq.
1238 2255 1272 2286 S.
1302 2254 1357 2287 th.
1387 2256 1419 2292 4,
1450 2255 1495 2294 Π,
1522 2267 1555 2294 q.
1581 2255 1636 2293 29,
1665 2255 1698 2285 d.
1728 2257 1759 2286 1.
1804 2255 2008 2286 Concordia

227 2310 282 2339 est
308 2309 482 2348 quaedam
510 2311 597 2341 unio
627 2312 874 2346 voluntatum,

323 2364 427 2401 Nam
454 2365 579 2403 vlrtus
605 2367 769 2404 υοΙῘΙΙυε
792 2368 974 2412 potentia
1001 2361 1201 2414 quaedam
1226 2369 1299 2407 est.
1328 2373 1404 2403 Cir.
1435 2384 1452 2402 «
1481 2372 1510 2402 Ε
1536 2381 1607 2403 non
1633 2373 1706 2412 pub
1731 2374 1831 2403 tutto
1857 2372 1891 2403 la
1906 2372 2009 2414 vix-tn

227 2426 294 2457 ohe
320 2427 428 2457 vuole
457 2438 489 2458 ».
520 2428 630 2468 Purg.
661 2429 761 2470 XXI,
797 2430 872 2460 105.
902 2431 970 2461 Per
998 2431 1023 2461 il
1051 2431 1262 2471 significato
1288 2431 1325 2461 di
1347 2434 1495 2472 potenza
1521 2440 1540 2461 e
1558 2430 1677 2473 forma
1714 2440 1750 2461 v.
1775 2431 1874 2470 cap.
1914 2430 2005 2461 XIII
2051 2439 2054 2442 ’

229 2485 308 2527 (xv)
335 2496 371 2516 n.

322 2540 401 2567 [1ηᾶ
426 2530 467 2567 Ῐη
492 2541 542 2568 se
566 2531 873 2576 multiplicatur5
896 2540 951 2567 esi:
976 2537 1073 2568 enini
1100 2537 1325 2577 vegetat,in
1351 2537 1543 2573 sentit-iva,
1570 2536 1629 2567 vel
1655 2537 1860 2568 rationalis.
1887 2537 1943 2568 Ita
1967 2538 2004 2576 eij

227 2601 411 2632 numerus,
438 2602 533 2623 unus
559 2593 598 2623 ‚in
617 2603 673 2630 se,
699 2594 857 2633 exempli
884 2595 1006 2634 gratia
1031 2595 1202 2626 denarius
1228 2595 1503 2641 multiplicatur
1544 2595 1742 2626 sec-undum
1781 2594 2006 2636 multiplica-

229 2650 365 2696 tionem
393 2651 580 2688 materiae,
606 2654 697 2691 puta
724 2653 844 2683 decem
873 2662 972 2686 asses
996 2654 1056 2685 vel
1082 2654 1204 2685 decem
1231 2663 1361 2685 aureos
1387 2653 1492 2694 (ΨΑ.
1522 2653 1596 2685 Cfr.
1624 2653 1738 2685 Conv.
1766 2653 1834 2694 111,
1859 2655 1894 2685 2.
1918 2693 1929 2705 ·

323 2706 365 2744 et
384 2707 523 2752 plures
541 2707 738 2750 flammas
760 2709 926 2754 propter
947 2708 1226 2747 coascendere
1240 2724 1254 2747 .-

750 2779 910 2803 ....oouie
935 2771 964 2802 il
990 2770 1070 2802 fooo
1095 2772 1234 2803 movesi
1261 2772 1299 2802 in
1326 2771 1447 2803 altura

700 2817 767 2848 Per
793 2818 829 2848 la
854 2827 920 2849 sna
946 2818 1061 2849 forma
1086 2818 1166 2849 oh’ts
1192 2820 1279 2850 nata
1304 2828 1325 2849 a
1351 2818 1462 2849 salire

701 2865 752 2895 La
776 2865 870 2896 dove
894 2865 959 2904 piu
989 2867 1022 2896 in
1050 2875 1117 2896 sua
1142 2868 1282 2896 matera
1306 2865 1411 2900 dura.

1382 2912 1494 2952 Purg.
1523 2910 1662 2950 XVIII,
1691 2910 1809 2942 28-30.

321 2967 352 2998 Il
379 2967 585 3008 sillogismo
611 2970 807 3002 euunoiato
821 2970 851 3002 si
879 2971 1004 3002 riduoe
1029 2974 1194 3011 aquesta
1220 2970 1336 3002 forma
1361 2970 1426 3010 pin
1453 2969 1650 3011 semplice:
1688 2969 1785 3009 ogni
1811 2969 2005 3002 oonoordia

221 3025 378 3065 dipende
404 3026 492 3058 dall’
508 3027 612 3058 unita
638 3027 696 3059 dei
725 3029 851 3069 voleri;
880 3029 906 3060 il
917 3038 1050 3070 genere
1081 3039 1228 3067 umano,
1259 3029 1403 3069 qnando
1429 3030 1487 3060 sta.
1511 3029 1612 3064 bene.
1645 3029 1663 3059 e
1689 3038 1760 3060 una
1786 3028 2002 3069 oonoordia3

225 3084 371 3125 dunque
387 3085 412 3116 il
426 3095 557 3127 genere
589 3096 720 3118 umnno
745 3097 810 3127 per
835 3087 864 3119 il
890 3097 956 3119 suo
983 3088 1169 3119 benessere
1195 3087 1354 3128 dipende
1379 3086 1467 3119 dall’
1486 3087 1590 3118 unita
1616 3086 1654 3118 di
1681 3086 1810 3118 volari.
