2248 3372
287 180 291 184 ¹
324 145 390 176 158
814 147 856 172 11.
879 145 1083 173 TRMTATO
1108 146 1240 172 Duum
1265 146 1504 172 MONARcmA

282 228 347 240 ΑΛ

331 315 368 353 O
398 315 563 352 altitudo
606 314 824 360 sapientiae
859 314 902 349 et
941 312 1129 349 scientiae
1161 310 1162 326 ³

278 382 365 424 Dei,
395 381 482 427 quis
509 381 568 417 hic
598 382 637 416 te
666 390 744 416 non
765 371 1049 423 obstupescere
1066 379 1131 422 poss

281 441 399 478 terit?
454 440 551 476 Nam
607 441 812 476 conantem
869 436 1129 473 Alexandrum

280 499 512 546 praepedire
541 499 578 535 in
608 509 723 535 cursu
739 497 973 534 coathletam
995 496 1131 531 Roma-

276 558 377 601 num,
421 562 475 600 tu,
523 565 581 595 ne·
619 568 692 595 sua
710 557 912 594 temeritas
958 554 1131 601 prodiret

277 619 452 660 ulterius,
482 618 531 655 de
578 617 790 654 certamine
832 614 1006 660 rapuisti.
1048 613 1130 650 Sed

279 678 384 725 quod
414 678 537 715 Roma
570 677 735 723 palmam
777 675 873 712 tanti
910 674 1034 711 bravii
1081 673 1132 709 sit

278 738 434 783 adepta,
465 737 593 773 multis
638 735 914 781 comprobatur
955 734 1130 770 testimo-

275 797 374 840 nii33
404 797 458 832 ait
486 796 586 832 enim
616 795 742 832 Poeta
770 796 905 830 noster
921 793 956 828 in
982 792 1129 837 primo:

279 873 368 899 Certe
388 870 460 898 hinc.
482 870 650 902 Romanos,
671 869 743 901 olim
764 868 962 896 volventibus
982 867 1085 899 annis,

280 912 352 940 hinc
369 912 435 939 sore
448 911 608 943 ductores,
629 913 776 938 revocato
789 919 807 937 a
822 910 975 945 sanguine
987 908 1109 941 Teucri,

278 953 333 990 qui
354 962 447 985 mare,
467 953 521 989 qui
542 956 641 981 terras
667 952 768 980 omnis
788 952 907 979 ditione
926 953 1076 979 tenerent.

278 1022 327 1060 Et
356 1023 535 1060 Lucanus
563 1023 600 1059 in
629 1022 773 1068 primo:

277 1097 434 1125 Dividitur
453 1097 537 1124 ferro
556 1105 695 1131 regnum,
716 1096 885 1132 populique
905 1095 1055 1131 potentis»

276 1147 357 1175 quae
366 1147 544 1174 mare‚quae
554 1141 663 1170 terras,
672 1146 753 1174 quae
761 1140 859 1166 totum
867 1138 1007 1174 possidet
1016 1138 1129 1171 orbem,

278 1189 342 1209 nou
361 1180 441 1216 cepit
467 1181 591 1208 fortuna
610 1180 701 1209 duos,

279 1249 328 1286 Et
357 1249 547 1286 Boethius
576 1250 612 1285 in
643 1249 829 1291 secundo,
859 1259 943 1286 cum
973 1248 1022 1285 de
1057 1249 1130 1286 Ro-

277 1313 476 1340 manorum
505 1303 676 1349 principe
706 1303 942 1348 loqueretur,
985 1302 1041 1338 sic
1079 1303 1131 1339 in-

275 1356 377 1402 quit:
910 1372 912 1375 ⁴

279 1441 340 1470 Hic
361 1444 462 1470 tamen
484 1445 607 1478 sceptro
627 1442 760 1478 populos
779 1443 916 1478 regebat,
967 1436 971 1439 ’

279 1492 362 1519 quos
382 1483 466 1512 videt
487 1484 627 1512 condens
641 1484 752 1512 radios
773 1484 831 1512 sul)
851 1484 952 1512 undas

276 1524 426 1552 Phoebus
446 1528 584 1553 extremo
603 1525 732 1553 veniens
751 1525 791 1553 al)
810 1527 892 1554 ortu.

276 1575 357 1602 quos
376 1569 519 1602 premunt
539 1569 654 1602 septem
674 1567 769 1603 gelidi
788 1567 917 1599 triones,

277 1616 358 1643 quos
379 1611 473 1635 notus
493 1608 578 1636 sicco
597 1609 754 1636 violentus
774 1611 863 1637 aestu

279 1651 383 1681 torret,
404 1650 550 1678 ardentes
570 1659 742 1686 recoquens
762 1659 885 1679 arenas.

279 1717 363 1754 Hoc
393 1719 508 1755 etiam
525 1720 785 1756 testimonium
811 1720 989 1765 perhibet
1003 1721 1131 1758 scriba

278 1775 423 1814 Christi
454 1778 590 1819 Lucas,
621 1779 683 1824 qui
698 1779 830 1817 omnia
844 1790 941 1815 vera
956 1779 1058 1822 dicit,
1079 1779 1130 1816 in-

280 1835 345 1872 illa
361 1839 472 1881 parte
488 1838 546 1874 sui
563 1838 726 1884 eloquii:
748 1842 764 1856 “
781 1838 908 1874 Exivit
923 1839 1089 1878 edictum
1105 1850 1128 1875 a

278 1894 458 1933 Caesare
474 1895 666 1944 Augusto,
687 1900 728 1933 ut
743 1897 1031 1934 describeretur
1046 1899 1127 1935 uni-

277 1965 418 1991 versus
456 1956 562 1992 orbis
586 1971 621 1991 ».
651 1955 688 1992 ln
718 1956 1017 2008 quibus-verbis
1045 1957 1127 1994 uni-

1234 327 1237 329 *
1259 309 1297 347 O
1327 311 1478 348 altezza
1506 310 1610 347 della
1645 311 1833 356 sapienza
1873 321 1896 347 e
1937 321 2053 350 cono*-

1203 373 1349 401 scenza
1363 364 1402 400 di
1417 363 1505 405 Dio,
1522 364 1580 400 chi
1596 374 1673 400 non
1689 374 1814 410 prova
1833 365 1997 410 stupore
2013 363 2053 402 di

1202 419 1242 453 te
1271 417 1308 454 in
1335 419 1477 463 questo
1491 416 1620 454 fatto?
1639 417 1796 454 Mentre
1810 416 2052 455 Alessandro

1205 480 1373 507 cercava
1401 469 1437 507 d‘
1449 470 1634 516 impedire
1653 466 2053 515 nellacorsal'emulo
2100 480 2102 482 ’

1207 523 1395 566 Romano,
1425 524 1524 560 tulo
1552 524 1726 570 togliesti
1737 523 1916 560 viadalla
1942 534 2052 571 gara,

1204 577 1349 627 perche
1378 577 1416 613 la
1434 587 1507 614 sua
1521 577 1700 614 temerita
1714 587 1792 614 non
1812 576 2053 623 procedesse

1180 631 1347 676 -troppo
1375 631 1489 667 oltre.
1520 629 1606 666 Che
1653 630 1776 667 Roma
1811 631 1908 676 'pero
1937 630 2054 668 abbia

1204 684 1441 730 conseguito
1470 684 1508 719 la
1536 683 1664 729 palma
1683 683 1721 719 di
1740 684 1824 720 cosi
1843 683 1924 720 alta
1941 693 2052 730 gara,

1204 736 1238 772 si
1267 747 1392 782 prova
1420 747 1494 773 con
1523 737 1642 773 molte
1670 734 1980 773 testimonianze.
2025 735 2051 773 n

1205 789 1331 826 Poeta
1358 791 1496 827 nostro
1523 790 1586 827 nel
1628 790 1751 836 primo
1793 788 1883 826 dell’
1903 788 2052 826 Eneide

1202 842 1287 878 dice
1316 844 1424 879 cosi:

1277 912 1474 944 Certamente
1493 916 1534 944 da
1552 916 1616 952 qui,
1636 916 1689 944 dal
1701 916 1855 944 rinomato
1882 918 2001 952 sangae
2019 915 2053 944 di

1202 957 1334 989 Teucro,
1357 958 1406 985 col
1424 957 1532 993 volger
1549 957 1633 993 degli
1650 957 1726 985 anni
1743 958 1884 992 avra'mxo
1902 957 2022 994 origine
2041 956 2054 984 i

1201 998 1276 1026 duci
1295 999 1438 1031 Romani,
1458 999 1514 1027 che
1533 1001 1680 1038 terrarum
1706 1001 1790 1028 sotto
1808 999 1840 1027 la.
1856 999 1924 1027 loro
1942 998 2054 1035 giuria—

1201 1039 1326 1069 dizione
1344 1040 1367 1068 il
1386 1048 1468 1068 mure
1488 1049 1504 1068 e
1524 1040 1552 1068 le
1571 1043 1661 1068 terre.
2015 1052 2018 1054 ’

1204 1115 1425 1170 ExLucano
1453 1113 1668 1160 nelssprimo
1696 1113 1759 1152 del
1788 1113 2016 1162 Farsaglia:

1274 1199 1329 1227 Col
1351 1200 1432 1226 ferro
1452 1199 1479 1226 si
1504 1198 1605 1226 divise
1629 1198 1652 1226 il
1682 1207 1790 1235 regno,
1821 1207 1839 1226 e
1867 1199 1901 1227 la
1927 1198 2054 1227 fortuna.

1201 1240 1252 1268 del
1274 1243 1400 1276 potente
1419 1240 1534 1276 popolo
1547 1240 1685 1276 padrone
1697 1239 1747 1268 del
1759 1248 1855 1272 mare,
1874 1239 1955 1268 delle
1973 1242 2054 1274 terre

1201 1290 1218 1308 e
1237 1281 1270 1308 di
1292 1284 1372 1309 tutto
1393 1281 1412 1308 il
1434 1281 1557 1313 mondo,
1578 1290 1641 1309 non
1670 1289 1765 1317 seppe
1796 1284 1961 1310 contenere
1991 1281 2053 1310 due

1200 1322 1342 1358 padroni.
2036 1328 2038 1330 '

1160 1417 1163 1431 i
1204 1397 1236 1434 E
1264 1397 1413 1434 Boezio
1441 1397 1503 1434 nel
1532 1395 1708 1434 secondo
1722 1397 1833 1439 libro,
1862 1395 2051 1442 perlando

1159 1433 1163 1486 Ι
1204 1448 1477 1508 (ΙΕΫΡπίυείρε
1505 1471 1667 1498 romano
1695 1461 1801 1499 dice:

1276 1534 1342 1570 Egli
1372 1543 1505 1570 reggeva
1523 1536 1606 1562 sotto
1624 1533 1655 1562 lo
1682 1535 1798 1562 scettro
1828 1533 1839 1560 i
1868 1533 1975 1570 popoli
1994 1533 2051 1562 che

1203 1576 1287 1604 Febo
1307 1575 1535 1611 vede‚quando
1553 1574 1711 1603 nascende
1730 1575 1741 1602 i
1765 1574 1837 1603 suoi
1853 1574 1942 1610 raggi
1968 1576 2052 1603 sotto

1203 1617 1231 1645 le
1250 1617 1331 1645 onde
1350 1625 1367 1645 e
1385 1616 1512 1653 quando
1531 1616 1621 1644 viene
1645 1615 1723 1643 dall’
1734 1617 1867 1644 estremo
1885 1615 2021 1648 Oriente,
2041 1614 2054 1642 i

1204 1659 1310 1695 popoli
1329 1659 1393 1687 che
1411 1666 1514 1694 preme
1533 1657 1554 1685 il
1575 1657 1684 1685 freddo
1697 1656 1904 1685 Settentrione
1920 1664 1938 1684 e
1956 1655 2054 1692 quelli

1203 1701 1260 1729 che
1278 1699 1417 1728 riscalda
1437 1699 1459 1726 il
1478 1698 1619 1727 violento
1637 1698 1718 1726 Noto
1737 1697 1786 1726 col
1805 1706 1864 1725 suo
1884 1697 1973 1725 arido
1992 1696 2056 1734 sof-

1203 1743 1244 1771 tio
1266 1741 1435 1770 infocendo
1454 1740 1482 1768 le
1501 1740 1623 1768 ardenti
1642 1739 1760 1767 sabbie.
1900 1740 1903 1742 ’

1206 1797 1361 1843 Questa
1389 1797 1687 1837 testimonianze
1704 1796 1748 1846 'ci
1776 1795 1891 1832 viene
1906 1793 2053 1832 offerta

1204 1851 1327 1887 anche
1357 1850 1419 1887 dal
1435 1849 1618 1897 biografo
1645 1849 1683 1885 di
1699 1847 1845 1890 Cristo‚
1861 1848 1977 1890 Luca,
1987 1858 2053 1884 ve-

1201 1904 1334 1940 ritiero
1363 1906 1578 1945 narratore,
1607 1902 1710 1938 nella
1738 1903 1848 1947 parte
1885 1900 1949 1938 del
1977 1910 2050 1937 suo

1201 1957 1379 1994 discorso
1408 1967 1484 1992 ove
1513 1955 1623 1991 dice:
1662 1953 1754 1991 Usci
1781 1964 1832 1990 un
1860 1953 1984 1990 editto
2011 1951 2050 1989 di

374 2165 409 2204 Ο
434 2165 602 2203 altitudo
628 2172 696 2201 etc.
723 2170 824 2202 Paol.
852 2170 972 2210 Epist.
997 2170 1034 2202 ai
1061 2169 1217 2202 Romani
1243 2169 1293 2212 ll,
1321 2169 1378 2201 33.

374 2236 500 2275 Doela
526 2238 678 2275 noster.
706 2241 816 2282 Verg.
845 2241 934 2273 Aen.
959 2241 991 2284 1,
1035 2242 1117 2275 234.
1160 2240 1277 2273 Comr.
1305 2240 1366 2277 IV,
1392 2239 1414 2274 5
1442 2250 1460 2270 «
1479 2239 1534 2271 Oh
1560 2237 1751 2271 ineffabile
1776 2247 1796 2283 e
1826 2237 2054 2278 incompren-
2099 2255 2104 2258 -

279 2300 387 2332 sibile
414 2300 585 2340 Sapienza
610 2299 647 2330 di
676 2299 795 2333 Dio».

374 2366 574 2404 Lucanus.
601 2369 728 2401 Phars.
754 2370 783 2407 1,
811 2369 890 2401 109.

373 2436 511 2474 Duos:
535 2440 667 2471 Cesare
692 2450 711 2471 e
738 2440 907 2480 pompeo.

376 2508 585 2546 Boeffht’us.
614 2512 667 2542 De
691 2520 790 2542 cons.
815 2511 909 2551 phil.
938 2511 1008 2553 111,
1036 2521 1083 2543 m.
1108 2511 1144 2543 6.

374 2580 520 2623 Lucas,
544 2582 614 2616 Ev.
643 2582 693 2623 11,
724 2584 756 2613 1.
