2248 3372
280 187 349 219 210

777 195 819 219 11,
842 194 1046 220 TRATTATO
1070 195 1202 220 BELLA
1226 194 1465 220 MONAROHIA
1749 200 1755 231 J

230 359 457 401 Caesarem,
473 369 551 396 non
568 359 679 404 quasi
694 361 850 406 gentem
871 370 994 395 meam
1014 359 1081 395 ha·
1099 365 1102 368 “
1158 359 1317 401 Cesare,
1338 369 1416 396 non
1438 360 1586 405 perche
1614 359 1733 396 abbia
1752 360 1806 396 da
1829 369 2011 396 maovere

229 419 329 456 bens
347 418 488 464 aliquid
519 429 719 461 accusare,
740 417 812 454 sed
832 420 874 454 ut
903 428 1080 454 eruerem

229 485 392 521 animam
430 493 553 520 meam
591 482 640 519 de
678 486 803 520 morte
833 498 869 518 ».
899 482 1019 528 Quod
1048 484 1080 519 si

230 543 383 581 Caesar
412 543 485 578 iam
505 544 596 579 tunc
626 542 819 579 iudicandi
849 543 1079 588 temporalia

228 618 305 645 non
335 607 537 644 habuisset
565 607 850 649 auctoritatem,
880 617 953 644 nec
974 607 1082 644 Chri-

227 669 312 704 stus
341 667 415 703 hoc
431 666 706 711 persuasisset,
727 676 800 702 nec
820 665 996 713 Angelus
1017 667 1081 703 illa

227 732 350 768 verba
378 731 615 773 nunciasset,
645 741 717 767 nec
747 731 809 767 ille
830 731 892 776 qui
913 730 1086 781 dicebat,

236 807 254 823 «
270 790 397 836 Cupio
413 790 575 827 dissolvi
596 792 636 826 et
655 800 746 827 esse
768 801 851 826 cum
869 789 1027 827 Christo
1043 805 1060 823 »
1072 818 1080 832 ,

227 857 552 902 incompetentem
582 855 744 891 iudicem
765 855 1018 900 appellasset.
1039 854 1080 891 Si

228 915 343 951 etiam
373 914 657 951 Constantinus
700 914 973 950 auctoritatem
1002 925 1080 950 non

227 980 429 1017 habuisset
474 980 510 1015 in
558 979 811 1025 patrocinium
865 979 1079 1021 Ecclesiae,

226 1039 292 1075 illa
320 1049 420 1084 quae
450 1038 499 1074 de
529 1038 689 1083 Imperio
719 1037 923 1083 deputavit
953 1037 1000 1078 ei,
1031 1037 1080 1074 de

227 1104 308 1141 iure
351 1103 541 1149 deputare
584 1114 661 1140 non
706 1103 900 1148 potuisset
947 1106 987 1138 et
1025 1103 1080 1139 sic

227 1164 415 1206 Ecclesia,
447 1163 511 1199 illa
541 1163 752 1199 collatione
782 1164 958 1198 uteretur
988 1163 1082 1198 iniu-

227 1231 300 1271 ste,
331 1239 414 1265 cum
448 1228 558 1264 Deus
587 1228 681 1263 velit
724 1227 947 1264 oblationes
990 1238 1081 1264 esse

227 1288 505 1330 immaculatas,
576 1287 682 1322 iuxta
737 1286 829 1322 illud
888 1286 1079 1323 Levitici:

233 1368 251 1385 «
271 1351 409 1389 Omnis
437 1353 597 1394 oblatio,
630 1362 743 1398 quam
774 1350 987 1388 conferetis
1004 1351 1083 1388 Do-

225 1413 339 1454 mino,
370 1412 518 1457 absque
556 1410 750 1447 fermento
781 1411 854 1447 erit
873 1426 909 1446 ».
959 1410 1079 1455 Quod

225 1478 377 1523 quidem
407 1479 670 1523 praeceptum,
702 1477 792 1513 licet
834 1476 883 1513 ad
913 1476 1082 1513 offeren-

226 1540 288 1573 tes
315 1536 454 1574 faciem
497 1537 643 1572 habere
672 1536 865 1578 videatur,
895 1536 1081 1572 nihilomi-

224 1613 297 1638 nus
327 1604 389 1638 est
405 1611 474 1647 per
494 1612 742 1647 consequens
763 1601 811 1637 ad
831 1601 1079 1646 recipientes.

225 1660 392 1697 Stultum
423 1661 522 1696 enim
552 1663 614 1697 est
634 1660 808 1702 credere,
830 1660 956 1696 Deum
976 1661 1079 1696 velle

225 1720 355 1765 recipi,
386 1719 490 1765 quod
519 1719 699 1765 prohibet
737 1719 935 1762 exhiberi;
964 1730 1078 1764 quum

226 1779 341 1816 etiam
370 1779 406 1814 in
437 1778 575 1815 eodem
605 1778 866 1823 praecipiatur
904 1778 1077 1814 Levitis:

233 1859 251 1877 ‹<
278 1843 409 1880 Nolite
439 1843 702 1879 contaminare
732 1843 880 1879 animas
909 1846 1077 1886 vestras,

225 1919 298 1945 nec
353 1908 525 1954 tangatis
580 1907 786 1953 quidquam
834 1918 980 1950 eorum,
1027 1919 1077 1944 ne

224 1972 403 2010 immundi
432 1973 567 2009 sitis».
597 1971 678 2009 Sed
699 1972 841 2015 dicere,
872 1973 974 2018 quod
1007 1973 1077 2010 Ec-

224 2037 345 2074 clesia
391 2038 446 2074 sic
493 2038 679 2074 abutatur
726 2038 957 2083 patrimonio
1005 2038 1076 2074 sibi

225 2102 426 2148 deputato,
444 2105 506 2139 est
520 2102 637 2139 valde
658 2103 957 2139 inconveniens:
980 2113 1076 2150 ergo

224 2160 363 2198 falsum
394 2164 479 2198 erat
507 2161 611 2203 illud,
642 2172 690 2197 ex
719 2172 796 2207 quo
826 2163 1075 2207 sequebatur.

1156 413 1326 458 qualche
1355 422 1508 450 aec-usa
1551 413 1634 449 alla
1672 413 1754 450 mia
1780 416 1912 460 gente,
1942 422 2026 450 ma-

1148 476 1226 512 per
1237 469 1446 511 strappare
1460 466 1485 502 l’
1489 466 1626 502 anima
1640 466 1721 503 mia
1735 466 1820 503 alla
1833 469 1956 503 morte
1970 480 1989 498 »
1999 492 2008 501 .

1157 518 1243 555 Che
1272 530 1317 555 se
1349 518 1501 556 Cesare
1530 523 1607 555 noh
1629 529 1773 556 avesse
1794 520 1916 555 avuto
1945 518 2010 566 gia

1156 573 1280 608 allora
1322 572 1359 608 la
1389 571 1537 609 facolta
1568 572 1604 607 di
1634 572 1832 618 giudicare
1862 572 1899 608 le
1914 581 2010 608 cose

1155 625 1372 670 temporali,
1404 625 1538 662 Cristo
1567 635 1645 661 non
1676 625 1710 661 ci
1739 624 1911 661 avrebbe
1927 634 2012 670 per-

1140 688 1276 714 suaso
1306 678 1342 714 di
1372 680 1525 723 questo,
1556 679 1605 714 ne
1636 676 1816 725 l'Angelo
1837 677 2009 714 avrebbe

1155 731 1264 767 dette
1306 732 1435 776 quelle
1485 731 1632 776 parole,
1680 732 1730 767 ne
1787 729 2009 776 l’Apostolo
2047 767 2050 769 ,

1157 785 1227 820 che
1284 785 1484 820 esclamo:
1539 799 1557 816 ‹<
1586 784 1778 821 Desidero
1828 782 2014 829 disfamzi

1157 838 1208 873 ed
1247 847 1381 874 essere
1424 847 1498 874 eon
1543 837 1668 874 Cristo
1688 852 1706 869 »
1763 836 1799 873 si
1838 835 2008 873 sarebbe

1156 891 1355 935 appellato
1386 890 1435 926 ad
1465 901 1514 926 un
1535 890 1688 937 giudice
1709 890 2008 935 incompetente.

1156 942 1211 979 Se
1242 943 1306 988 poi
1337 942 1573 980 Costantino
1602 937 1679 980 non
1710 953 1854 979 avesse
1888 943 2009 978 avuto

1157 995 1353 1032 l‘autorita
1373 996 1410 1032 di
1431 995 1596 1032 affidare
1617 996 1653 1032 al
1674 995 1891 1041 patrocinio
1907 995 2010 1031 della

1158 1048 1305 1086 Chiesa
1334 1049 1464 1094 quello
1486 1049 1556 1085 che
1574 1050 1610 1085 le
1626 1047 1760 1091 attide,
1776 1058 1853 1084 non
1876 1047 2012 1084 avreb-

1156 1103 1205 1139 be
1235 1104 1375 1147 potuto
1403 1101 1504 1138 farlo
1534 1101 1570 1138 di
1600 1102 1743 1144 diritto,
1781 1112 1804 1138 e
1847 1102 1944 1146 pero
1972 1100 2011 1136 la

1157 1155 1304 1192 Chiesa
1334 1155 1528 1191 userebbe
1546 1154 1596 1191 *di
1616 1155 1705 1200 quel
1727 1152 2008 1193 conferimento

1157 1208 1469 1255 ingiustamente,
1501 1210 1650 1244 mentre
1679 1207 1756 1244 Dio
1785 1207 1904 1243 vuole
1938 1206 2010 1243 che
2065 1233 2067 1235 -

1133 1259 1257 1297 'tutte
1287 1262 1323 1297 le
1340 1260 1484 1297 offerte
1513 1261 1625 1297 siano
1655 1260 1911 1301 immacolate,
1932 1259 2011 1306 giu-

1118 1340 1121 1343 -
1155 1316 1219 1350 sta
1248 1314 1271 1350 il
1314 1314 1424 1350 detto
1467 1314 1529 1350 del
1573 1314 1749 1350 Levitico
1786 1327 1804 1345 ‹<
1827 1312 1930 1360 Ognt‘
1953 1311 2012 1357 of-

1151 1367 1260 1413 ferta
1289 1369 1362 1404 elie
1386 1366 1519 1412 farete
1542 1377 1573 1406 a
1602 1367 1678 1403 Dio
1706 1367 1770 1403 sia
1789 1376 1915 1403 senza
1931 1365 2010 1411 fer·
2052 1385 2054 1387 ν

1155 1421 1405 1457 mentazione
1432 1435 1469 1455 >›.
1499 1419 1523 1456 Il
1555 1420 1669 1465 quale
1709 1421 1888 1465 precetto
1917 1419 2007 1455 seb-

1155 1474 1255 1510 bene
1285 1474 1428 1510 sembri
1458 1483 1553 1509 aver
1595 1472 1632 1508 di
1676 1473 1770 1509 mira
1812 1472 1864 1519 gli
1908 1470 2008 1508 offe-

1154 1527 1265 1568 renti,
1296 1526 1531 1563 nondimeno
1561 1527 1583 1562 e
1623 1535 1693 1571 per
1731 1534 2009 1571 conseguenza
2036 1556 2041 1557 ⁷

1154 1579 1303 1616 riterito
1333 1590 1356 1615 a
1386 1579 1444 1616 chi
1474 1579 1625 1621 riceve;
1656 1578 1799 1623 perche
1841 1577 2009 1614 sarebbe

1154 1633 1275 1669 stolto
1304 1631 1466 1669 credere
1487 1632 1558 1668 che
1580 1631 1657 1668 Dio
1677 1631 1814 1678 voglia
1833 1630 2010 1667 ricevere

1153 1686 1283 1731 quello
1312 1686 1383 1722 che
1413 1686 1520 1721 vieta
1549 1684 1586 1720 di
1617 1683 1765 1726 offrire,
1794 1685 1907 1720 tanto
1945 1683 2009 1729 piu

1153 1740 1223 1775 che
1252 1739 1356 1775 nello
1386 1740 1516 1775 stesso
1546 1738 1644 1774 libro
1674 1738 1706 1774 si
1745 1735 1935 1774 comanda
1972 1736 2008 1772 ai

1152 1792 1300 1828 Leviti:
1336 1792 1424 1828 Non
1472 1791 1740 1828 contaminate
1789 1790 1826 1827 le
1873 1789 2006 1827 anime

1152 1849 1288 1886 vostre,
1318 1846 1369 1882 ne
1405 1848 1559 1882 toccate
1593 1844 1740 1881 alcuna
1774 1843 1876 1880 delle
1913 1852 2007 1880 cose

1151 1899 1347 1935 immonde
1369 1909 1445 1943 per
1470 1908 1549 1934 non
1578 1907 1718 1934 essere
1756 1896 1948 1933 immondi
1970 1910 2007 1931 ».

1151 1951 1220 1987 Ma
1248 1951 1330 1987 dire
1360 1951 1430 1987 che
1459 1951 1497 1987 la
1532 1950 1679 1987 Chiesa
1723 1949 1783 1986 usi
1827 1949 2009 1996 ingiusta-

1151 2006 1279 2040 mente
1297 2003 1358 2040 del
1376 2004 1608 2049 patrimonio
1626 2002 1848 2044 affidatole,
1864 2003 1888 2038 ὲ
1903 2001 2008 2038 assai

1150 2057 1450 2099 sconveniente;
1481 2067 1548 2093 era
1569 2056 1725 2102 dunque
1755 2055 1859 2092 falsa
1879 2054 2009 2100 quella

1151 2121 1351 2155 premessa
1385 2110 1435 2146 da
1474 2110 1533 2146 cui
1572 2108 1831 2146 deriverebbe
1869 2108 2008 2153 questa

1151 2174 1438 2210 conseguenza.
1791 2162 1796 2165 ”

322 2369 451 2415 Cupio
475 2369 707 2407 dissolvi....
733 2370 839 2406 Paul.
868 2373 988 2413 Epist.
1017 2373 1063 2404 ad
1090 2370 1231 2413 Philip.
1262 2374 1292 2413 Ι,
1322 2374 1379 2405 23.

318 2416 371 2454 51·
391 2417 511 2454 etiam
538 2416 833 2454 constantinus
858 2417 1135 2456 auctoritatem
1160 2428 1242 2455 non
1268 2417 1544 2455 habuisset...

1584 2420 1744 2461 Ritoroe,
1785 2429 1853 2450 oon
1890 2418 2006 2450 molta

224 2469 407 2509 aontezza,
435 2467 675 2507 l’argomento
701 2469 827 2499 contro
854 2468 866 2497 i
893 2469 1109 2499 sostenitori
1139 2468 1239 2500 della
1281 2468 1510 2508 supr-amazia
1547 2467 1813 2499 ecclesiastiea.
1853 2464 1898 2497 Se
1938 2465 2005 2496 Co-

226 2516 389 2548 stantino
414 2521 488 2546 non
501 2522 638 2546 ‘avesse
663 2516 775 2546 avuto
801 2517 929 2554 questa
954 2515 1128 2556 autorita„
1158 2525 1229 2546 non
1254 2517 1389 2555 poteva
1415 2515 1471 2546 far
1497 2514 1606 2546 alcun
1633 2514 1728 2545 dono
1754 2513 1830 2545 alla
1856 2513 2004 2553 Chiesa,

223 2573 243 2595 e
267 2563 390 2603 peroio
416 2562 553 2593 ‹xa-deva
576 2564 676 2593 tutto
702 2562 731 2593 il
757 2562 881 2593 valore
907 2562 1005 2593 della
1022 2562 1222 2593 donazioue
1241 2562 1536 2594 Costantiniaua.
1563 2562 1579 2592 I
1606 2560 1745 2593 fautori
1759 2560 1859 2592 della
1873 2559 2007 2592 Chiesa.

224 2620 297 2642 non
323 2610 354 2641 si
379 2610 586 2649 perdettero
611 2609 795 2650 d’animo;
822 2609 1004 2648 risposero
1029 2609 1097 2642 ohe
1124 2609 1155 2640 si
1181 2611 1345 2641 trattava
1370 2609 1408 2640 di
1434 2619 1507 2640 una
1533 2608 1715 2648 semplioe·
1749 2606 2005 2640 restituzione.

223 2657 414 2697 Qualouno
439 2658 545 2688 trove
570 2657 842 2689 contradizione
868 2658 925 2687 tra
950 2658 1077 2697 questo
1102 2666 1209 2696 passo
1235 2667 1254 2688 e
1280 2656 1402 2696 quello
1428 2656 1495 2688 0116
1521 2656 1664 2687 altrove
1689 2656 1822 2687 estate
1834 2655 1937 2686 detto
1950 2654 2007 2685 in-

224 2708 330 2737 torno
355 2704 431 2735 alla,
454 2704 655 2735 donazione
681 2704 720 2735 di
746 2704 988 2735 Costantino:
1015 2714 1074 2735 ma
1098 2703 1163 2744 qui
1190 2704 1235 2736 D.
1272 2704 1460 2735 riconosoe
1498 2713 1598 2735 come
1636 2702 1824 2743 legittimo
1862 2710 1935 2732 non
1976 2700 2007 2732 il

226 2753 321 2784 dono
347 2751 435 2783 dell'
450 2751 640 2791 imperiale
666 2751 829 2782 autor-ita
858 2761 901 2782 su
927 2751 1053 2793 Roma,
1082 2751 1235 2783 sibbene
1260 2751 1290 2783 il
1317 2750 1412 2782 dono
1450 2750 1489 2782 di
1527 2750 1612 2791 quel
1648 2748 1873 2789 patrimonio
1909 2757 1929 2779 6
1966 2747 2007 2778 di

226 2799 345 2840 quelle
361 2798 596 2839 prerogative
621 2798 689 2830 ohe
713 2798 738 2830 1’
754 2799 976 2838 Imperatore
1002 2808 1119 2830 aveva
1143 2798 1200 2829 dir
1212 2798 1280 2830 itto
1305 2798 1343 2829 di
1370 2797 1544 2836 alienare,
1569 2797 1704 2837 perche
1728 2805 1802 2828 non
1839 2794 2008 2827 costitui-

223 2856 319 2878 vano
343 2847 447 2886 parte
473 2846 568 2877 delle
593 2846 736 2886 quanta
761 2846 954 2878 esseuziali
979 2846 1224 2885 dell'Impero
1249 2842 1480 2888 (Passerini).
1509 2845 1542 2876 Il
1569 2841 1670 2884 Papa»
1693 2853 1756 2875 era
1769 2844 1866 2875 stato
1883 2842 2006 2873 oreato

223 2894 474 2934 dispensatore
500 2893 540 2924 di·
564 2893 688 2925 alcuni
714 2893 798 2924 beni
824 2893 974 2934 terreni,
1002 2903 1061 2924 ma
1086 2893 1114 2924 il
1141 2890 1243 2933 Papa
1267 2902 1384 2924 aveva
1410 2893 1593 2932 usurpato
1619 2891 1744 2931 quello
1769 2890 1837 2922 ohe
1861 2898 1932 2920 non
1947 2888 2005 2928 gli

225 2951 286 2972 era
322 2942 419 2972 stato
455 2940 600 2972 donato:
627 2940 706 2971 eloe
731 2940 922 2972 l'autorita.
947 2950 966 2971 e
992 2940 1020 2971 il
1045 2940 1190 2982 diritto,
1219 2940 1285 2971 ohe
1310 2940 1548 2971 rimanevano
1587 2947 1728 2977 sempre
1768 2936 2007 2976 all’Impera-

225 2993 313 3027 tore,
341 2988 457 3019 anche
474 2997 511 3019 se
537 2988 658 3028 questi
683 2987 866 3019 risiedeva
890 2997 912 3018 a
937 2987 1249 3028 Costantinopoli‚
1278 2996 1379 3018 001116
1404 2987 1551 3018 restava
1576 2985 1723 3025 integro
1748 2984 1778 3015 il
1795 2983 1928 3015 diritto
1942 2992 2008 3022 per

224 3035 351 3075 quegli
377 3035 594 3074 Imperatori
619 3034 687 3066 ohe
712 3044 750 3066 se
775 3044 820 3066 116
846 3036 1000 3066 sta-vano
1025 3036 1063 3066 in
1090 3033 1298 3066 Germania.
1325 3033 1354 3064 E
1380 3033 1459 3065 dire
1485 3032 1551 3064 ohe
1570 3033 1670 3075 tutta
1682 3033 1814 3072 questa
1825 3030 2006 3071 polemiea

225 3092 244 3113 e
269 3084 370 3114 tante
397 3083 450 3113 ire
474 3082 507 3113 si
532 3082 662 3113 ebbero
686 3091 751 3121 per
776 3091 826 3112 un
853 3081 950 3113 fatto
975 3081 1261 3113 insussistente!

320 3126 427 3164 iuxta
452 3125 554 3164 illud
574 3125 753 3163 Levitici.
782 3129 832 3178 Il,
862 3130 922 3161 11.
967 3164 970 3166 ,
