2248 3372
311 97 380 130 198

803 109 845 133 11,
869 110 1072 136 ΤΒΑΤΤΑΤΟ
1097 112 1230 137 mcum
1255 115 1495 143 uoxAncfflA
1615 112 1617 115 “
1666 150 1669 153 ,
1697 96 1731 101 Ἃ
1857 114 1901 141 §.⁴
1999 134 2057 140 --«

265 192 2040 222 &KQ

264 281 412 322 iterum,
443 281 547 327 quod
576 283 771 320 existente
801 283 887 321 lesu
915 285 951 321 in
986 285 1113 328 litore,

263 336 354 380 post
381 336 719 379 resurrectionem,
749 348 863 383 quum
897 338 1038 376 Petrus
1053 349 1114 376 au·

263 387 439 430 divisset,
469 389 559 434 quia
575 389 765 427 Dominus
785 394 906 434 esset,
923 392 1115 428 subcinxit

263 451 307 477 se
337 442 466 477 tunica
495 463 546 468 —
575 445 662 479 erat
689 444 805 483 enim,
826 445 964 487 nudus,
997 467 1043 471 -—
1075 449 1115 482 et

263 494 364 530 misit
391 505 436 530 se
466 495 502 531 in
532 498 666 532 mare.'
692 496 836 534 Ultimo
879 498 980 540 dicit,
1010 499 1114 544 quod

263 558 347 583 cum
386 547 527 585 Petrus
547 549 711 586 vidisset
758 550 975 592 Iohannem,
1021 552 1115 588 dixit

263 599 373 637 lesu:
415 601 626 645 «Domine,
674 604 733 640 hic
776 606 905 640 autem
949 605 1106 650 quidP»

262 653 371 690 Iuvat
412 655 552 700 quippe
594 657 688 692 talia
730 656 779 693 de
817 658 1114 694 archimandrita

262 710 399 744 nostro
429 708 464 744 in
495 708 648 746 laudem
676 720 773 748 suae
811 712 989 756 puritatis
1026 723 1114 748 con-

262 760 449 803 tinuasse,
493 762 528 797 in
559 763 698 808 quibus
726 766 862 809 aperte
901 764 1113 810 deprehen-

262 813 375 857 ditur,
405 815 508 859 quod
543 826 656 861 quum
686 816 735 852 de
778 817 931 855 duobus
971 818 1113 865 gladiis

262 867 506 912 loquebatur,
535 869 750 906 intentione
771 870 929 916 simplici
950 882 1112 917 respon-

262 920 381 957 debat
418 921 468 957 ad
511 920 718 959 Christum.
761 922 879 967 Quod
922 925 954 960 si
989 925 1113 961 verba

261 973 326 1010 illa
355 973 500 1010 Christi
529 977 569 1011 et
599 975 702 1011 Petri
724 977 851 1022 typice
891 980 981 1013 sunt
1018 978 1114 1014 acci—

261 1027 414 1072 pienda,
458 1038 534 1064 non
565 1028 614 1064 ad
643 1029 715 1065 hoc
745 1032 886 1072 tamen,
914 1031 1020 1076 quod
1063 1031 1114 1067 di-

261 1082 353 1116 cunt
381 1080 456 1122 isti,
486 1081 675 1118 trahenda
704 1084 804 1124 sunt,
822 1083 893 1119 sed
904 1083 1114 1120 referenda

262 1133 311 1169 ad
339 1143 495 1170 sensum
526 1134 626 1171 illius
654 1135 785 1182 gladii,
815 1136 863 1172 de
893 1147 971 1182 quo
1014 1138 1116 1174 Mat-

260 1186 562 1232 thaeus-scribit
590 1188 669 1224 sic:
715 1189 881 1226 «Nolite
923 1191 1113 1233 arbitrari,

261 1240 350 1285 quia
378 1240 467 1276 veni
497 1251 631 1286 pacem
676 1243 827 1279 mittere
867 1244 902 1279 in
945 1246 1112 1280 terram:

260 1303 337 1329 non
367 1294 457 1329 veni
487 1304 620 1339 pacem
650 1296 814 1337 mittere,
831 1296 902 1332 sed
930 1297 1112 1344 gladium.

259 1345 359 1382 Veni
389 1347 488 1383 enim
517 1358 704 1393 separare
746 1349 938 1386 hominem
976 1350 1114 1386 adver-

260 1409 329 1436 sus
357 1402 506 1444 patrem
549 1411 671 1443 suum,
701 1404 828 1438 eta».
873 1402 991 1447 Quod
1034 1404 1113 1449 qui-

260 1452 347 1488 dem
377 1451 423 1488 fit
450 1455 527 1489 tam
556 1455 692 1497 verbo,
713 1466 825 1500 quam
842 1467 976 1501 opere.
993 1456 1114 1502 Prop-

260 1508 320 1541 ter
347 1505 452 1551 quod
481 1506 637 1544 dicebat
665 1507 792 1545 Lucas
834 1509 883 1545 ad
923 1509 1114 1555 Theophi-

260 1559 360 1594 lum:
398 1574 416 1591 ‹<
437 1558 552 1604 Quae
581 1561 711 1606 coepit
738 1561 857 1605 Jesus
894 1562 1028 1599 facere
1073 1566 1114 1600 et
1144 1590 1146 1594 ι

259 1611 456 1648 docere».
487 1613 621 1650 Talem
650 1614 821 1660 gladium
852 1614 1033 1652 Christus
1076 1627 1114 1652 e-

202 1698 210 1706 ,
259 1674 365 1700 mere
395 1667 670 1712 praecipiebat,
699 1678 812 1713 quem
850 1668 1039 1714 duplicem
1062 1669 1113 1706 ibi

259 1728 350 1754 esse
381 1718 522 1756 Petrus
551 1721 667 1756 etiam
710 1721 988 1767 respondebat.
1050 1722 1111 1759 Ad

258 1771 381 1808 verba
410 1773 510 1808 enim
540 1777 581 1809 et
609 1784 731 1818 opera
759 1776 884 1819 parati
901 1779 1024 1818 erant,
1042 1786 1112 1821 per

258 1834 359 1869 quae
387 1823 566 1862 facerent
593 1827 697 1872 quod
728 1826 908 1879 Christus
937 1829 1110 1865 dicebat:

258 1877 419 1921 scilicet,
449 1889 494 1914 se
523 1880 682 1916 venisse
711 1879 902 1917 facturum
932 1892 1002 1927 per
1031 1883 1110 1928 gla-

259 1929 445 1981 dium,};ut
474 1931 614 1968 dictum
644 1935 717 1969 est.

1191 291 1347 328 avendo
1375 293 1483 330 udito
1511 295 1582 332 che
1611 295 1716 333 c’era
1744 298 1768 334 il
1798 297 1980 346 Signore,
2007 302 2041 338 si

1191 344 1298 381 cinse
1327 346 1364 386 la
1394 347 1522 384 tunica
1553 370 1601 375 —
1631 350 1775 395 perche
1822 362 1891 388 era
1937 353 2042 392 nudo

1194 418 1239 422 —
1257 408 1279 434 e
1297 399 1329 434 si
1359 400 1454 436 mise
1472 411 1541 445 per
1557 413 1675 439 mare.
1705 403 1767 440 Da
1795 405 1928 442 ultimo
1957 416 2041 444 rac-

1189 453 1307 487 conta
1335 452 1405 488 che
1435 454 1590 491 avendo
1625 455 1758 493 Pietro
1804 458 1909 495 visto
1952 459 2065 497 Gio-·

1188 505 1317 546 vanni,
1347 505 1452 542 disse
1481 517 1505 543 a
1535 507 1669 545 Gesu:
1702 510 1734 546 Ο
1760 510 1938 558 Signore,
1969 514 2042 550 elze

1189 563 1281 599 vuol
1305 565 1464 601 coslai?
1494 565 1623 603 Giova
1651 578 1747 604 aver
1775 568 1926 607 riferito
1972 570 2040 608 tali

1188 626 1282 652 cose
1311 618 1369 654 sul
1399 621 1536 656 nostro
1566 621 1864 659 archimandrita
1894 623 1930 660 in
1948 624 2039 661 lode

1187 675 1291 712 della
1298 687 1370 713 sua
1381 678 1574 719 sincerita‚
1584 680 1726 724 perche
1737 680 1787 717 da
1797 685 1938 727 queste
1945 693 2040 722 cose

1187 729 1218 764 si
1248 731 1482 775 comprende
1499 732 1762 770 chiaramente
1783 735 1868 778 che,
1884 735 2040 781 quando

1187 782 1348 826 'parlava
1377 783 1479 820 delle
1509 784 1584 821 due
1613 786 1752 831 spade,
1800 788 2039 833 rispondeva

1187 851 1210 876 a
1240 840 1373 878 Cristo
1389 844 1717 888 semplicemente.
1748 844 1832 882 Che
1848 857 1893 884 se
1909 849 2037 893 quelle

1187 895 1322 938 parole
1351 895 1388 931 di
1419 895 1551 933 Cristo
1581 908 1603 933 e
1638 898 1675 934 di
1696 897 1830 936 Pietro
1858 910 1959 938 sono
1987 900 2038 938 da

1187 947 1399 984 intendersi
1416 950 1453 985 in
1479 960 1598 986 senso
1613 950 1798 997 figurato,
1813 962 1891 989 non
1906 963 2037 990 vanno

1188 1006 1312 1043 intese
1342 1018 1452 1044 come
1481 1007 1622 1045 ditono
1646 1011 1818 1052 costoro,
1847 1021 1910 1048 ma
1937 1022 2038 1050 sono

1187 1059 1237 1095 da
1284 1060 1484 1105 riportarsi
1532 1062 1568 1098 al
1616 1063 1782 1100 simbolo
1829 1063 1866 1100 di
1907 1065 2038 1110 quella

1187 1112 1323 1158 spada,
1353 1113 1389 1149 di
1419 1114 1479 1150 cui
1508 1115 1634 1151 scrive
1682 1116 1862 1154 Matteo:
1912 1132 1930 1150 «
1949 1119 2038 1156 Non

1188 1173 1360 1210 erediate
1389 1175 1462 1210 che
1490 1174 1526 1211 io
1555 1174 1618 1211 sia
1647 1172 1787 1213 venato
1821 1186 1848 1213 a
1875 1181 2037 1214 mettere

1187 1226 1228 1262 Ια
1251 1236 1358 1270 paee
1385 1227 1424 1264 in
1453 1231 1581 1271 terra,·
1606 1238 1686 1265 non
1713 1239 1812 1266 sono
1841 1234 1981 1267 venato
2009 1241 2036 1267 α

1187 1283 1347 1316 mettere
1375 1281 1415 1317 la
1437 1291 1557 1326 paee,
1586 1291 1654 1318 ma
1690 1282 1731 1318 la
1767 1284 1911 1328 spada.
1953 1283 2036 1321 Son

1188 1337 1327 1370 venato
1356 1343 1383 1370 α
1410 1344 1600 1379 separare
1628 1335 1772 1372 I’uomo
1811 1346 1833 1372 e
1861 1338 2036 1374 metterlo

1187 1390 1320 1423 contro
1348 1397 1422 1423 suo
1443 1388 1584 1433 padre,
1614 1392 1686 1425 ete.
1705 1399 1744 1432 „3
1774 1399 1797 1425 e
1826 1391 1970 1434 questo
2002 1390 2035 1426 si

1186 1444 1227 1481 fa
1255 1447 1365 1482 tanto
1381 1446 1482 1482 colla
1498 1447 1634 1491 parola
1649 1448 1795 1492 quanto
1810 1446 2034 1494 coll’opera.

1187 1498 1325 1535 Percio
1342 1499 1447 1535 Luca
1461 1499 1599 1536 diceva
1615 1510 1639 1536 a
1654 1499 1809 1537 Teofilo
1825 1510 1833 1536 ε
1862 1515 1880 1533 «
1898 1501 2034 1547 Quello

1187 1553 1259 1588 elle
1289 1552 1415 1589 Cristo
1445 1553 1634 1590 eomineic)
1663 1564 1690 1590 α
1714 1553 1806 1599 fare
1835 1564 1857 1590 e
1893 1555 1950 1591 ad
1975 1555 2034 1591 in·

1186 1613 1356 1652 segnare
1370 1620 1407 1641 ›>.
1436 1605 1533 1642 Tale
1562 1607 1585 1642 e
1614 1607 1651 1642 la
1670 1606 1795 1652 spada
1813 1607 1884 1643 che
1901 1605 2035 1645 Cristo

1186 1668 1373 1701 esortava
1392 1664 1442 1700 ad
1457 1665 1689 1709 acquistare,
1701 1676 1723 1701 e
1740 1665 1874 1702 Pietro
1888 1666 2036 1712 rispon-
2060 1709 2069 1719 ⁶

1186 1717 1288 1754 deva
1317 1718 1387 1754 che
1403 1717 1442 1753 di
1458 1718 1525 1754 tali
1541 1718 1664 1763 spade
1679 1729 1730 1754 ve
1745 1718 1913 1756 n’erano
1942 1718 2034 1762 due3

1186 1771 1327 1816 perche
1357 1781 1450 1807 eran
1475 1771 1601 1816 pronti
1630 1772 1732 1808 colle
1753 1772 1888 1817 parole
1904 1782 1927 1808 e
1957 1772 2033 1810 col-

1185 1829 1333 1875 l’opera
1363 1840 1385 1866 a
1413 1828 1498 1866 fare
1527 1830 1587 1866 cio
1629 1831 1701 1866 che
1730 1829 1863 1867 Cristo
1895 1830 2034 1867 diceva

1184 1882 1220 1919 d’
1242 1893 1353 1919 esser
1381 1885 1528 1919 venuto
1571 1893 1594 1919 a
1636 1882 1720 1919 fare
1763 1884 1864 1920 colla
1895 1883 2032 1929 spada,

1184 1946 1294 1973 come
1323 1934 1381 1972 s'e
1410 1935 1534 1972 detto.
1799 1959 1806 1963 -

351 2136 572 2174 ῘηΙεηίῘόηε
594 2136 783 2182 Simplici,
811 2151 830 2172 (ι
845 2151 952 2173 senza
977 2142 1062 2173 clare
1087 2142 1160 2174 alle
1185 2152 1250 2174 sue
1277 2142 1400 2183 parole
1426 2142 1534 2174 aloun
1553 2151 1658 2174 senso
1673 2142 1859 2174 recondito
1878 2154 1910 2180 n,
1929 2154 1945 2171 «
1960 2151 2031 2173 non

257 2198 433 2238 parlando
458 2199 785 2241 simbolioamente,
814 2200 938 2241 typice
966 2211 999 2232 ».

350 2276 486 2315 Nolite
511 2277 754 2316 ammath...
784 2282 917 2314 Matth.
946 2282 1014 2314 Ev.
1043 2283 1088 2325 X,
1118 2283 1242 2316 34-35.

348 2359 482 2397 Lucas
507 2359 564 2397 ad
587 2359 856 2407 Theophilum.
882 2365 964 2398 Act.
993 2365 1122 2405 Apost.
1152 2365 1181 2405 Ι,
1211 2367 1227 2397 1
