2248 3372
295 157 362 189 188

245 339 323 374 quo
354 329 437 365 sine
471 328 589 365 dubio
627 331 870 374 sequeretur,
899 330 1003 375 quod
1034 341 1097 366 au-

244 393 405 429 ctoritas
434 392 580 438 Imperii
609 393 659 430 ad
690 393 866 430 Ecclesia
903 394 1097 440 depende-

244 459 317 500 ret,
349 460 391 493 ut
418 457 559 494 dicunt.
592 458 639 494 Et
676 458 725 494 ad
761 459 850 498 hoc.
879 459 1093 502 dicendum,
1128 458 1131 494 i
1169 466 1204 502 di
1236 467 1323 508 Dio,
1354 469 1495 513 perche
1525 471 1588 516 ag]
1618 479 1694 506 ῃοῃ
1724 480 1834 506 come
1859 470 2016 514 vicario,

245 533 316 568 per
346 523 682 568 interemptionem
711 524 795 560 eius
823 523 927 570 quod
951 523 1093 567 dicunt,

242 586 464 624 Samuelem
487 587 560 624 Dei
590 589 798 625 vicarium:
828 590 918 635 quia
947 600 1023 625 non
1053 592 1095 626 ut

242 659 422 701 vicarius,
452 658 524 695 sed
553 661 595 695 ut
636 659 792 706 legatus
834 660 1016 705 specialis
1045 660 1093 696 ad

241 724 327 766 hoc,
357 723 442 760 sive
472 724 639 766 nuntius,
669 727 831 770 portans
874 725 1093 762 mandatum
1128 751 1130 754 v

243 787 402 824 Domini⁴
439 798 678 834 expressum,
708 790 781 826 hoc
827 789 932 826 fecit.
977 789 1094 835 Quod

242 855 368 898 patet,
381 853 470 899 quia
481 854 659 899 quicquid
676 854 785 891 Deus
801 854 905 897 dixit,
917 856 989 892 hoc
1001 855 1095 892 fecit

241 918 382 959 solum,
413 921 454 955 et
481 919 554 955 hoc
583 919 725 955 retulit.
746 919 857 956 Unde
883 920 1092 962 sciendum,

240 982 344 1028 quod
368 983 492 1033 *aliud
534 986 596 1020 est
639 995 730 1020 esse
764 985 959 1026 vicarium,
990 986 1092 1022 aliud

240 1050 303 1085 est
332 1059 425 1085 esse
446 1050 617 1085 nuntium
646 1049 731 1086 sive
751 1050 974 1093 ministrum;
994 1051 1094 1087 sicut

241 1113 344 1150 aliud
387 1116 450 1150 est
495 1125 586 1151 esse
629 1114 842 1157 doctorem,
882 1115 985 1151 aliud
1031 1119 1094 1152 est

240 1195 331 1221 esse
375 1185 638 1230 interpretem.
682 1185 778 1222 Nam
821 1187 989 1223 vicarius
1031 1189 1093 1223 est

239 1250 298 1285 cui
332 1249 545 1286 iurisdictio
574 1261 659 1286 cum
703 1251 791 1297 lege
821 1252 883 1287 vel
922 1262 1013 1287 cum*
1036 1262 1093 1287 ar-

240 1314 369 1353 bitrio,
399 1300 605 1351 commissa
652 1318 734 1358 est;
777 1318 818 1352 et
859 1316 949 1352 ideo
992 1317 1092 1353 intra

241 1385 430 1422 terminos
458 1386 732 1423 iurisdictionis
773 1388 1004 1424 commissae
1042 1387 1090 1424 de

241 1451 330 1497 lege
362 1451 425 1487 vel
447 1450 496 1487 de
517 1451 676 1488 arbitrio
697 1454 830 1497 potest
849 1463 969 1498 agere
990 1453 1091 1488 circa

244 1515 401 1561 aliquid,
431 1515 534 1561 quod
573 1516 751 1553 dominus
793 1517 948 1554 omnino
981 1517 1090 1564 igno-

240 1582 311 1616 rat.
330 1579 498 1617 Nuntius
520 1583 648 1617 autem
665 1592 742 1618 non
759 1583 902 1627 potest,
918 1582 955 1618 in
976 1592 1092 1628 quan-

240 1654 317 1687 tum
349 1652 505 1688 nuntius
521 1678 529 1693 ,
560 1652 630 1688 sed
656 1653 977 1698 quemadmodum
998 1655 1089 1689 mal-

239 1717 325 1752 leus
360 1717 395 1752 in
439 1717 526 1753 sola
568 1718 711 1753 virtute
750 1717 848 1755 fabri
892 1721 1088 1764 operatur,
1123 1739 1124 1766 i

239 1781 294 1817 sic
323 1783 363 1817 et
399 1780 554 1818 nuntius
597 1783 632 1818 in
676 1783 763 1819 solo
802 1784 961 1820 arbitrio
991 1784 1087 1825 eius,

237 1847 300 1892 qui
333 1847 446 1883 mittit
475 1847 589 1883 illum.
619 1847 705 1884 Non
748 1848 864 1895 igitur
902 1849 1087 1898 sequitur,
1121 1873 1123 1902 i

230 1911 268 1950 lsi
294 1910 419 1948 'Deus
457 1922 526 1957 per
564 1913 735 1949 nuntium
773 1911 993 1949 Samuelem
1030 1913 1087 1950 fe·

166 2025 169 2028 Δ
224 1965 289 2029 {cit
316 1976 401 2018 hoc,
431 1977 534 2022 quod
565 1977 732 2014 vicarius
753 1977 825 2013 Dei
855 1978 927 2014 hoc
954 1977 1086 2015 facere
1120 1975 1122 2023 j

1271 0 1285 6 ““
1300 0 1353 29 ’Ὑί
1364 0 1622 29 '2³:³’1'ssf5uUff-I'K3,
1633 0 1683 20 §.W
1699 0 1743 24 3³⁸5
1755 0 1762 6 V
1775 13 1782 26 ,Ι
1794 0 1836 22 2.-,‚'
1851 13 1863 18 ,
1875 14 1883 27 ·.
1894 9 1907 26 :⁴
1923 1 1934 9 ·=†
1964 16 1970 18 ,
1981 13 1986 17 .
2023 11 2055 30 ,ἣν
2099 4 2114 14 κ
2136 15 2166 31 ‘2¹
2182 11 2212 34 ’.Ι
2231 13 2234 16 ⁴

1389 26 1395 30 ”
1978 31 1987 39 5
2140 31 2144 40 l

791 167 831 190 11.
856 167 1060 191 TRATTATO
1085 167 1214 191 DELLA
1242 167 1480 193 MONARcmA
1875 166 1881 186 ἵ
1948 189 1967 207 '9

1173 334 1315 376 questo
1344 332 1638 377 risponderemo
1671 333 1910 371 confutando
1938 334 2020 373 l’af·
2049 307 2051 309 -

1173 394 1410 433 fermazione
1439 398 1509 434 che
1539 397 1722 435 Samuele
1746 398 1857 436 fosse
1871 400 2018 437 vicario

2012 451 2022 469 ¹.

1176 541 1236 567 ma
1265 542 1374 568 come
1403 534 1573 578 speciale
1612 535 1745 581 legato
1774 545 1798 571 a
1826 535 1898 577 cio,
1927 535 2016 572 vale

1172 612 1195 638 a
1214 602 1296 639 dire
1317 614 1427 640 come
1447 605 1587 641 nunzio
1604 607 1784 650 portante
1801 616 1850 642 un
1867 616 2019 652 espres·

1171 683 1217 709 so
1256 674 1437 711 mandato
1476 675 1512 711 di
1552 670 1639 712 Dio.
1669 675 1728 712 Ne
1757 676 1789 713 si
1826 676 1928 713 deve
1961 676 2017 733 di·
2055 700 2061 707 ·

1170 739 1379 775 menticare
1401 741 1470 776 che
1487 751 1563 776 una
1582 751 1677 777 cosa
1697 743 1719 778 e
1740 752 1851 778 esser
1869 742 2016 778 vicario

1169 819 1191 844 e
1227 810 1325 846 altra
1354 811 1494 847 nunzio
1524 822 1548 848 o
1578 812 1764 855 ministro,
1792 823 1902 849 come
1940 819 2042 850 una'

1168 890 1264 916 cosa
1307 882 1330 916 e
1372 891 1484 918 esser
1512 882 1668 919 dottore
1698 883 1747 919 ed
1775 883 1875 921 altra
1904 884 2018 921 inter·

1173 947 1296 990 prete.
1326 946 1481 983 Vicario
1510 949 1533 983 e
1561 948 1661 983 colui
1691 943 1727 984 al
1769 948 1884 994 quale
1924 949 2014 985 vien

1170 1008 1334 1053 affidata
1363 1017 1400 1053 la
1429 1018 1704 1064 giurisdizione
1733 1029 1758 1055 o
1786 1029 1860 1056 con
1898 1019 2015 1068 legge

1167 1097 1192 1123 o
1221 1098 1293 1124 con
1325 1088 1495 1130 arbitrio,
1524 1100 1547 1125 e
1577 1100 1646 1135 per
1673 1091 1816 1135 questo
1850 1090 1913 1126 nei
1942 1092 2017 1127 ter-

1166 1159 1253 1195 mini
1283 1159 1387 1195 della
1414 1160 1690 1206 giurisdizione
1720 1162 1797 1206 pub
1839 1160 2014 1203 secondo

1167 1224 1285 1271 legge
1315 1235 1339 1260 o
1369 1224 1404 1260 di
1435 1235 1508 1261 suo
1524 1225 1683 1262 arbitrio
1699 1225 1893 1271 compiere
1913 1226 2016 1271 qual·

1165 1296 1236 1332 che
1265 1297 1403 1332 azione
1445 1297 1514 1332 che
1558 1296 1581 1332 il
1624 1297 1782 1343 signore
1811 1296 1874 1332 del
1912 1298 2014 1334 tutto

1171 1367 1320 1414 ignora3
1351 1367 1374 1403 il
1404 1367 1543 1416 nunzio
1572 1367 1720 1409 invece,
1749 1367 1786 1403 in
1815 1368 1962 1412 quanto
1990 1369 2013 1404 e

1167 1437 1319 1480 nunzio,
1349 1448 1425 1474 non
1456 1439 1494 1474 lo
1524 1439 1613 1483 pub,
1643 1448 1704 1474 ma
1732 1448 1842 1474 come
1866 1437 1890 1473 il
1921 1447 2015 1474 mar-

1169 1504 1263 1539 tello
1293 1513 1415 1548 opera
1444 1504 1531 1540 solo
1560 1513 1630 1548 per
1657 1504 1758 1540 virtu
1777 1502 1840 1539 del
1859 1501 2012 1544 fabbro,
2055 1519 2061 1525 ·

1170 1569 1252 1604 cosi
1295 1569 1317 1604 il
1363 1569 1503 1605 nunzio
1546 1579 1668 1614 opera
1709 1578 1779 1614 per
1811 1567 1947 1604 ordine
1975 1566 2012 1604 di

1165 1633 1224 1669 chi
1254 1634 1292 1669 lo
1322 1633 1474 1670 manda.
1495 1633 1631 1670 Percio
1652 1643 1696 1670 se
1717 1633 1792 1670 Dio
1811 1632 1900 1669 fece
1919 1642 2013 1678 que-

1165 1706 1230 1741 sto
1260 1715 1330 1750 per
1367 1715 1500 1741 mezzo
1538 1704 1600 1740 del
1639 1704 1780 1741 nunzio
1816 1702 2012 1746 Samuele,

1163 1781 1244 1807 non
1291 1781 1340 1806 ne
1387 1762 1587 1816 consegue
1634 1770 1705 1806 che
1747 1770 1771 1805 il
1800 1768 1947 1805 vicario
1974 1767 2012 1804 di

1165 1842 1252 1884 Dio,
1283 1852 1514 1878 successore
1543 1840 1580 1877 di
1600 1840 1743 1877 'Pietro
1763 1849 1883 1886 possa
1910 1838 2033 1876 farlo.

1163 1915 1426 1960 egualmente.
1457 1912 1532 1948 Dio
1561 1911 1660 1954 fece,
1690 1910 1731 1947 fa
1750 1922 1772 1947 e
1787 1910 1873 1946 fara
1892 1909 2010 1946 molte

1161 1989 1254 2015 cose
1271 1989 1340 2023 per
1356 1988 1489 2014 mezzo
1505 1976 1608 2023 degli
1634 1976 1775 2023 angeli,
1790 1975 1862 2012 che
1876 1974 2013 2010 ilvica-
2052 1993 2056 1996 ·

335 2187 510 2224 vicarius
534 2184 609 2231 est,
636 2188 704 2236 cui
738 2187 962 2225 iurisdictio
999 2199 1090 2225 cum
1129 2188 1219 2234 lege
1257 2187 1323 2225 vel
1357 2197 1447 2224 cum
1484 2186 1648 2224 aer'm'o
1685 2185 1908 2223 commissa
1932 2184 2009 2222 est.

238 2249 346 2280 Nella
370 2249 493 2289 glossa
517 2249 704 2280 ordinaria.
729 2250 764 2280 di
795 2251 980 2282 Bernardo
1006 2250 1043 2281 di
1072 2251 1200 2281 Parma
1225 2250 1270 2281 ad
1300 2249 1507 2281 Dect-etales
1534 2248 1701 2289 Gregorii
1727 2248 1791 2288 IX,
1805 2247 1870 2279 lib.
1895 2246 1924 2288 Ι,
1949 2247 2009 2279 lit.

242 2308 300 2348 28,
328 2318 360 2340 o.
387 2309 419 2346 5,
446 2309 606 2349 leggesi:
635 2308 805 2340 Vioarius
818 2310 1178 2349 omniapotestquae
1204 2309 1390 2349 pertinent
1403 2308 1447 2339 ad
1475 2307 1767 2339 iurisdictionem
1783 2305 2012 2338 illius-ouius

239 2371 356 2399 vinem
390 2368 499 2407 gerit.
530 2368 687 2405 (lvitte).
718 2368 771 2399 La
795 2369 1062 2409 giurisdizione
1087 2378 1108 2399 o
1133 2378 1199 2399 oon
1227 2368 1333 2409 legge
1358 2378 1379 2399 o
1404 2377 1470 2399 oon
1497 2367 1663 2408 arbitrio,
1691 2365 1860 2407 significa
1876 2365 1914 2397 la
1929 2365 2012 2406 giu-

239 2424 435 2459 risdizione
462 2427 657 2458 eseroitata
682 2427 741 2458 nei
769 2427 882 2459 limiti
909 2427 1007 2458 della
1033 2428 1138 2467 legge
1163 2436 1301 2467 oppure
1327 2427 1419 2458 oltre
1444 2436 1463 2457 e
1490 2425 1613 2457 fuorii
1633 2425 1745 2456 limiti
1770 2423 1868 2456 della
1892 2423 2009 2465 legge.

241 2485 274 2517 Il
302 2486 443 2517 vicario
468 2487 487 2517 e
514 2486 626 2517 molt-o
653 2486 691 2517 di
716 2486 781 2526 pin
808 2486 874 2518 ohe
901 2496 948 2517 un
968 2488 1119 2526 ,minzio
1157 2496 1177 2516 o
1215 2485 1455 2526 mandatario,
1494 2485 1560 2516 ohe
1598 2484 1760 2515 riserisoe
1797 2493 1845 2514 un
1883 2483 2010 2514 ordino

239 2545 400 2586 speciale
426 2545 470 2576 ed
498 2544 545 2576 ha
570 2555 658 2576 cura
682 2545 721 2576 di
747 2545 840 2576 farlo
869 2545 1048 2586 eseguire.

335 2597 672 2671 quemssdmodum
699 2624 872 2662 malleus
897 2630 967 2661 eto.
996 2627 1125 2659 Thom.
1153 2627 1221 2668 Aq.
1250 2627 1285 2659 S.
1315 2627 1368 2658 th.
1397 2626 1446 2667 ΙΙ,
1476 2634 1517 2666 11,
1543 2636 1577 2666 q.
1603 2625 1661 2658 36.
1689 2624 1765 2659 Cir.
1794 2624 1923 2657 Parad.
1946 2624 2006 2667 Π,

240 2687 407 2721 127-129.

760 2747 812 2777 Lo
840 2748 940 2778 moto
964 2756 982 2776 e
1011 2746 1046 2777 la
1073 2746 1171 2776 viu-rii
1198 2745 1257 2776 dei
1283 2745 1379 2776 santi
1405 2744 1492 2785 giri,

809 2805 918 2836 Come
944 2805 1004 2836 dal
1031 2804 1157 2836 taltbro
1184 2805 1288 2836 Parte
1313 2804 1372 2835 del
1399 2803 1578 2846 martello,

809 2864 877 2896 Dai
905 2864 1003 2896 beati
1031 2866 1147 2895 mot-or
1172 2863 1326 2895 aonvien
1351 2863 1417 2894 ohe
1447 2863 1546 2903 spiri,
