2248 3372
1051 0 1082 13 ι·
1092 0 1101 8 —
1112 0 1154 24 ’κρῖ
1166 0 1197 22 ῑγέ

335 126 401 158 172

287 299 336 336 de
364 299 496 336 verbis
525 299 700 336 Danielis
728 300 963 345 praemissis,
993 300 1029 335 in
1054 300 1134 345 qui—

285 365 358 401 bus
387 364 517 401 divina
545 364 733 410 potentia,
763 364 910 410 clipeus
949 363 1133 401 defenso-

284 433 365 460 rum
407 424 586 460 veritatis
624 420 830 466 astruitur,
863 425 969 460 iuxta
1012 424 1132 460 moni-

284 489 430 525 tionem
460 488 594 526 Pauli:
623 488 731 525 Fidei
770 489 927 526 loricam
957 489 1133 533 induens,

285 548 322 583 in
351 548 483 584 calore
512 548 693 584 carbonis
739 548 850 590 illius⁷
880 559 993 594 quem
1037 559 1135 585 unus

286 612 334 649 de
364 612 554 658 Seraphin
584 613 735 659 accepit
762 613 811 650 de
841 613 951 650 altari
973 614 1133 650 caelesti

286 674 327 709 et
375 673 504 719 tetigit
545 672 648 709 labia
703 672 838 715 Isaiae,
894 673 1134 720 gymnasium

286 742 476 777 praesens
495 731 702 778 ingrediar,
732 734 772 768 et
792 732 827 768 in
848 732 1006 769 brachio
1022 732 1134 779 Illius,

284 798 347 843 qui
377 807 450 834 nos
478 797 528 834 de
558 799 756 843 potestate
799 798 1046 834 tenebrarum
1095 798 1133 834 li-

284 862 437 899 beravit
465 863 501 898 in
522 863 712 909 sanguine
733 873 818 904 suo,
840 863 992 908 impium
1014 865 1132 908 atque

285 925 509 965 mendacem
565 927 614 964 de
670 928 880 973 palaestra,
927 930 1132 974 spectante

286 987 439 1028 mundo,
469 987 615 1024 eiciam.
660 986 763 1031 Quid
792 987 981 1023 timeam?
1022 998 1135 1033 quum

234 1075 237 1078 .
284 1046 452 1092 Spiritus
482 1046 586 1082 Patri
616 1048 656 1082 et
684 1045 782 1083 Filio
811 1048 1047 1084 coaeternus
1080 1049 1137 1084 ait

284 1122 355 1158 per
383 1123 429 1148 os
459 1111 610 1148 David:
654 1111 726 1149 “ln
757 1112 941 1148 memoria
971 1115 1135 1150 aeterna

285 1178 359 1213 erit
404 1177 540 1218 iustus,
584 1177 632 1214 ab
671 1177 869 1214 auditione
912 1178 1012 1214 mala
1055 1189 1132 1215 non

284 1243 433 1279 timebit
450 1270 483 1286 „.
514 1242 708 1287 Quaestio
728 1243 843 1289 igitur
863 1253 1064 1288 praesens,
1081 1243 1130 1280 de

284 1318 360 1353 qua
388 1308 582 1353 inquisitio
612 1307 741 1344 futura
770 1310 843 1350 est,
872 1308 973 1345 inter
988 1308 1065 1344 duo
1082 1309 1134 1345 lu·
1168 1319 1171 1325 ·

285 1373 443 1409 minaria
486 1383 625 1419 magna
667 1376 871 1409 versatur:
921 1373 1132 1410 Romanum

284 1439 433 1475 scilicet
461 1437 701 1481 Pontificem,
732 1440 772 1474 et
801 1438 1013 1475 Romanum
1031 1438 1135 1475 Prin-

285 1504 433 1549 cipem;
463 1505 503 1539 et
529 1504 737 1549 quaeritur,
767 1505 891 1539 utrum
921 1504 1134 1540 auctoritas

285 1563 525 1600 Monarchae
555 1562 729 1610 Romani,
759 1562 821 1608 qui
851 1562 900 1598 de
938 1563 1020 1598 iure
1051 1562 1135 1599 Μο-

284 1623 428 1676 narcha
457 1622 584 1658 mundi
613 1623 686 1663 est,
716 1623 758 1657 ut
786 1622 822 1657 in
843 1622 1017 1658 secundo
1037 1622 1134 1659 libro

284 1689 590 1750 probatum-‘'est,
637 1687 856 1724 immediate
886 1698 909 1724 a
940 1687 1026 1724 Deo
1070 1686 1133 1724 de-

284 1753 465 1799 pendeat,
509 1763 556 1789 an
601 1754 649 1790 ab
697 1753 826 1799 aliquo
870 1753 942 1789 Dei
986 1753 1132 1789 vicario

283 1819 346 1855 vel
376 1818 561 1860 ministro,
591 1829 703 1864 quem
730 1818 833 1854 Petri
863 1806 1132 1854 successorem

283 1884 469 1930 intelligo,
500 1884 562 1928 qui
591 1894 685 1919 vere
715 1883 890 1930 claviger
927 1884 989 1919 est
1021 1883 1132 1929 regni

283 1950 491 1985 caelorum.

376 2161 484 2198 ῘυΧΙᾶ
508 2160 768 2198 ΙηοηῘΙῘοηειη
793 2157 920 2197 pauli.
948 2161 1075 2202 Epist.
1104 2161 1150 2192 ad
1176 2160 1342 2194 Thessal.
1372 2161 1415 2202 V,
1455 2159 1490 2199 8,
1514 2159 1636 2190 induti
1673 2158 1822 2190 loricam
1862 2156 1965 2188 fidei.
2006 2156 2059 2187 La
2108 2195 2118 2200 ,

821 134 862 160 ιι,
885 114 1088 160 Tauium
1113 135 1244 160 mmm
1271 134 1509 161 xozuacnu

1206 0 2036 33 »‘.f,*f.¹>g.·÷⁴f·}³⁷e“f:?³,tj‹='>**lrmffssffrr'z'tss'n'm‘zss‘zv-32„.
2058 23 2093 34 NJ
2127 18 2132 33 ἰ
2158 2 2221 32 [ἐχ

1949 78 1994 98 ,gzr
2043 84 2073 115 1-,1
2100 74 2134 86 'v‘
2155 75 2173 90 ,’
2203 84 2248 125 Γ.

2202 133 2206 145 1
2238 144 2242 149 ,

1706 209 2059 242 w

1882 242 1889 256 x
1975 243 1977 245 Ι
2098 263 2113 266 ,-

1207 310 1278 344 pur
1306 300 1342 336 le
1371 302 1506 336 nostre
1535 310 1629 336 cose
1658 276 1865 347 famigliafi
1909 310 1979 346 per
2010 283 2080 338 -l'ay

1207 353 1344 395 verita,
1374 362 1490 398 presa
1526 352 1669 389 fiducia
1696 353 1799 390 dalle
1841 353 1977 399 parole
2017 353 2056 391 di

1208 411 1371 447 Daniele
1406 407 1620 457 premesse,
1669 412 1704 448 in
1747 412 1807 449 cui
1848 413 1887 449 la
1928 411 2059 455 divina

1207 466 1375 510 potenza
1404 467 1426 501 e
1456 465 1667 502 dichiarata
1696 465 1818 502 scudo
1847 465 1910 502 dei
1939 464 2060 502 difen-
2090 493 2093 495 >

1207 518 1286 554 sori
1316 517 1418 554 della
1460 519 1597 561 verita,
1627 518 1801 555 secondo
1848 518 2058 555 l'avverti-

1207 579 1338 613 mento
1358 577 1394 613 di
1413 577 1536 614 Paolo
1574 581 1590 596 “
1609 577 1812 614 indossata
1841 578 1879 614 la
1894 587 2058 630 corazza

1208 629 1311 666 della
1338 629 1442 673 fede,
1471 631 1575 667 nella
1602 630 1759 667 iiamma
1787 630 1824 667 di
1862 631 1949 678 quel
1979 638 2059 667 car-

1207 683 1322 725 bone,
1352 683 1423 720 che
1452 694 1529 720 uno
1558 683 1620 720 dei
1649 683 1819 721 Serafini
1837 694 1952 730 prese
1981 683 2059 720 dal-

1208 741 1358 778 l'altare
1387 743 1534 779 celeste
1564 753 1633 788 per
1660 744 1818 779 toccare
1847 743 1884 779 le
1922 742 2058 780 labbra

1208 795 1356 838 d'lsaia,
1386 797 1542 832 entrero
1571 796 1633 832 nel
1668 798 1852 841 presente
1887 796 2057 843 arringo,

1209 859 1231 885 e
1260 852 1467 885 sostenuto
1482 848 1545 885 dal
1561 849 1717 887 braccio
1746 849 1783 885 di
1819 852 1836 868 ‘⁴
1855 847 1970 886 Colui
1987 849 2058 885 che

1209 907 1241 944 ci
1271 908 1393 944 libero
1423 908 1482 944 col
1513 918 1586 944 suo
1615 918 1766 955 sangue
1811 907 1875 959 dal
1918 909 2057 954 potere

1209 960 1310 997 delle
1354 961 1516 997 tenebre
1536 989 1552 1004 „
1585 962 1771 997 scaccero
1799 960 1954 1006 l’empio
1981 971 2004 997 e
2033 961 2056 996 il

1208 1014 1399 1061 bugiardo
1428 1014 1531 1050 dalla
1550 1014 1723 1059 palestra
1737 1014 1774 1051 al
1794 1016 1975 1060 cospetto
1995 1013 2057 1050 del

1210 1073 1363 1110 mondo.
1395 1072 1497 1118 Qual
1523 1074 1686 1114 timore·
1710 1073 1846 1110 dovrei
1875 1082 2060 1118 provere,

1209 1138 1253 1163 se
1283 1127 1322 1163 lo
1350 1126 1507 1172 spirito,
1537 1128 1726 1163 coeterno
1755 1127 1790 1163 al
1821 1125 1948 1163 Padre
1977 1136 2001 1162 a
2021 1124 2056 1162 al

1209 1180 1346 1227 Figlio,
1375 1181 1424 1216 ha
1453 1179 1563 1216 detto
1592 1190 1662 1225 per
1688 1179 1812 1216 bocca
1840 1179 1878 1216 di
1907 1178 2057 1217 David:

1209 1239 1234 1287 Il
1262 1240 1393 1286 giusto
1422 1239 1532 1275 vivra
1563 1239 1674 1275 *nella
1708 1239 1892 1275 memoria
1921 1239 2059 1275 eterna

1210 1303 1232 1328 e
1260 1303 1337 1329 non
1366 1294 1514 1328 temera
1543 1292 1579 1328 le
1608 1292 1775 1338 maligne
1803 1292 1890 1328 voci
1907 1291 1926 1327 ἰ>
2055 1300 2057 1303 ’

1316 1345 1371 1381 La
1412 1345 1617 1390 questione
1655 1348 1852 1390 presente,
1881 1345 1952 1381 che
1994 1346 2057 1380 sto

1209 1409 1278 1444 per
1307 1399 1523 1435 esaminare
1552 1399 1663 1434 verte
1694 1397 1755 1434 fra
1797 1397 1873 1433 due
1920 1396 2057 1443 grandi

1209 1457 1395 1499 luminari,
1438 1459 1498 1493 tra
1532 1457 1553 1492 il
1593 1456 1769 1501 Principe
1806 1465 1967 1493 romano
2005 1454 2054 1491 ed

1209 1511 1232 1546 il
1263 1509 1466 1547 Pontetice
1495 1520 1668 1551 romano,
1690 1509 1827 1555 poiche
1843 1509 1874 1545 si
1894 1509 2053 1550 ricerca,

1209 1575 1252 1600 se
1301 1563 1495 1600 l’autorita
1542 1563 1604 1599 del
1651 1563 1841 1599 Monarca
1881 1571 2054 1604 romano,

1209 1623 1279 1659 che
1308 1633 1378 1668 per
1407 1622 1537 1658 diritto
1567 1623 1590 1669 e
1609 1621 1799 1658 Monarca
1818 1619 1880 1656 del
1901 1618 2056 1661 mondo,

1209 1686 1320 1712 come
1363 1677 1385 1712 e
1423 1677 1528 1712 stato
1575 1674 1805 1711 dimostrato
1852 1674 1914 1710 nel
1958 1672 2056 1709 libro

1169 1749 1170 1760 κ
1209 1728 1394 1771 secondo,
1425 1727 1592 1774 dipenda
1626 1727 1978 1765 immediatamente
2007 1725 2058 1762 da
2116 1777 2122 1783 ι

1168 1793 1171 1802 ’
1210 1789 1285 1825 Dio
1315 1799 1339 1824 o
1368 1787 1418 1824 da
1447 1798 1495 1823 un
1526 1787 1670 1823 vicario
1700 1797 1724 1822 o
1745 1786 1795 1822 da
1815 1796 1864 1822 un
1884 1785 2058 1821 ministro

1209 1842 1245 1878 di
1277 1841 1363 1882 Dio,
1381 1842 1451 1877 che
1480 1841 1518 1876 io
1548 1842 1733 1876 ammetto
1762 1849 1874 1875 come
1902 1847 2057 1874 succes-

1209 1905 1299 1931 sore
1343 1894 1380 1930 di
1410 1894 1554 1933 pietro,
1598 1893 1621 1928 il
1663 1893 1779 1938 quale
1824 1892 2056 1938 *veramente

1168 1985 1173 1996 ,
1209 1949 1313 1984 tiene
1343 1948 1379 1983 le
1409 1947 1532 1983 chiavi
1561 1945 1623 1982 del
1653 1955 1777 1992 regno
1806 1944 1869 1980 dei
1899 1943 1997 1984 cieli.

283 2223 439 2255 soconda,
464 2225 566 2263 parte
591 2224 610 2253 e
635 2222 729 2254 tolta
755 2222 801 2253 da
827 2222 924 2252 Isaial
940 2221 1002 2251 VI.
1039 2221 1082 2252 6:
1120 2220 1168 2252 Et
1193 2220 1337 2252 volavit
1374 2220 1419 2250 ad
1457 2228 1513 2250 me
1550 2228 1646 2249 unus
1683 2218 1728 2248 de
1765 2215 1948 2256 seraphim
1985 2216 2055 2247 eto.

283 2282 402 2314 Dante
428 2281 523 2313 forse
549 2282 676 2313 deriva
702 2283 803 2313 tutta
828 2281 865 2312 la
891 2280 1073 2312 eitazione
1101 2280 1140 2310 di
1167 2279 1322 2310 seoonda
1348 2288 1467 2310 mano.

376 2361 451 2396 per
474 2360 524 2387 os
549 2348 687 2387 David.
716 2343 827 2384 Sallu.
855 2352 950 2392 CXI,
981 2351 1014 2396 7,

379 2423 431 2459 ΘΙ)
455 2420 660 2458 auditione
685 2419 804 2458 mala.
835 2433 852 2453 <‹
872 2422 1046 2453 Audire»
1076 2421 1211 2461 prende
1237 2421 1352 2452 anche
1377 2420 1436 2451 nel
1465 2419 1580 2452 latino
1605 2418 1759 2451 classico
1785 2417 1812 2448 il
1843 2415 2058 2466 significato

284 2484 322 2516 di
350 2493 368 2514 <‹
383 2484 496 2526 goder
522 2483 619 2514 fama
636 2493 668 2514 ».

379 2546 560 2597 elabi-yet·
580 2550 712 2596 Reym‘
734 2549 961 2587 coelorum.-
1008 2551 1069 2582 dei
1096 2550 1180 2582 oieli
1207 2560 1226 2582 e
1251 2560 1323 2581 non
1360 2550 1458 2582 della.
1498 2552 1607 2591 terra,
1647 2558 1747 2580 eonie
1782 2545 2006 2587 pretendono
2044 2545 2057 2576 i

282 2614 495 2646 sostenItori
521 2613 619 2644 della
644 2612 787 2653 potesta
811 2611 956 2652 papale.
986 2610 1084 2651 Ogni
1112 2612 1238 2650 pai-ola
1263 2610 1282 2640 e
1307 2608 1507 2648 ponderata
1533 2609 1570 2640 in
1597 2610 1725 2648 questo
1751 2607 1858 2638 breve
1893 2604 2055 2636 trattatm

2235 3056 2238 3065 “
2232 3028 2233 3032 ⁴
2234 2687 2248 2999 ·;¹.ffl;·m-2=1-..m·...--.2a.,„
