<?xml version="1.0" encoding="UTF-8"?>
<!DOCTYPE html PUBLIC "-//W3C//DTD XHTML 1.0 Transitional//EN"
    "http://www.w3.org/TR/xhtml1/DTD/xhtml1-transitional.dtd">
<html xmlns="http://www.w3.org/1999/xhtml" xml:lang="en" lang="en">
 <head>
  <title>
</title>
<meta http-equiv="Content-Type" content="text/html;charset=utf-8" />
  <meta name='ocr-system' content='tesseract 3.04.00' />
  <meta name='ocr-capabilities' content='ocr_page ocr_carea ocr_par ocr_line ocrx_word'/>
</head>
<body>
  <div class='ocr_page' id='page_1' title='image "./iltrattatodellam00dantuoft_0191.png"; bbox 0 0 2248 3372; ppageno 0'>
   <div class='ocr_carea' id='block_1_1' title="bbox 0 0 2248 233">
    <p class='ocr_par' dir='ltr' id='par_1_1' title="bbox 0 0 2248 233">
     <span class='ocr_line' id='line_1_1' title="bbox 0 0 2248 233; baseline 0 3139"><span class='ocrx_word' id='word_1_1' title='bbox 0 0 2248 233; x_wconf 95' lang='lat' dir='ltr'><strong> </strong></span> 
     </span>
    </p>
   </div>
   <div class='ocr_carea' id='block_1_2' title="bbox 0 1835 244 3372">
    <p class='ocr_par' dir='ltr' id='par_1_2' title="bbox 0 1835 244 3372">
     <span class='ocr_line' id='line_1_2' title="bbox 0 1835 244 3372; baseline 0 0"><span class='ocrx_word' id='word_1_2' title='bbox 0 1835 244 3372; x_wconf 95' lang='lat' dir='ltr'><strong> </strong></span> 
     </span>
    </p>
   </div>
   <div class='ocr_carea' id='block_1_3' title="bbox 1035 140 1236 167">
    <p class='ocr_par' dir='ltr' id='par_1_3' title="bbox 1035 140 1236 167">
     <span class='ocr_line' id='line_1_3' title="bbox 1035 140 1236 167; baseline -0.005 0"><span class='ocrx_word' id='word_1_3' title='bbox 1035 140 1165 167; x_wconf 64' lang='lat' dir='ltr'>PARTE</span> <span class='ocrx_word' id='word_1_4' title='bbox 1189 141 1236 167; x_wconf 84' lang='lat'><strong>11.</strong></span> 
     </span>
    </p>
   </div>
   <div class='ocr_carea' id='block_1_4' title="bbox 247 293 1101 408">
    <p class='ocr_par' dir='ltr' id='par_1_4' title="bbox 247 293 1101 408">
     <span class='ocr_line' id='line_1_4' title="bbox 247 293 1100 358; baseline -0.009 -10"><span class='ocrx_word' id='word_1_5' title='bbox 247 309 278 348; x_wconf 89' lang='lat' dir='ltr'>F</span> <span class='ocrx_word' id='word_1_6' title='bbox 305 316 404 347; x_wconf 90' lang='lat' dir='ltr'><strong>vero</strong></span> <span class='ocrx_word' id='word_1_7' title='bbox 432 293 475 347; x_wconf 77' lang='lat' dir='ltr'><strong>et</strong></span> <span class='ocrx_word' id='word_1_8' title='bbox 501 306 538 345; x_wconf 93' lang='lat' dir='ltr'>C</span> <span class='ocrx_word' id='word_1_9' title='bbox 565 307 723 344; x_wconf 84' lang='lat' dir='ltr'><strong>diversa</strong></span> <span class='ocrx_word' id='word_1_10' title='bbox 751 307 852 358; x_wconf 76' lang='lat' dir='ltr'><strong>sunt.</strong></span> <span class='ocrx_word' id='word_1_11' title='bbox 883 305 932 342; x_wconf 87' lang='lat' dir='ltr'><strong>Et</strong></span> <span class='ocrx_word' id='word_1_12' title='bbox 960 305 992 342; x_wconf 88' lang='lat' dir='ltr'><strong>si</strong></span> <span class='ocrx_word' id='word_1_13' title='bbox 1021 303 1100 341; x_wconf 83' lang='lat' dir='ltr'><strong>fer·</strong></span> 
     </span>
     <span class='ocr_line' id='line_1_5' title="bbox 248 357 1101 408; baseline -0.007 -8"><span class='ocrx_word' id='word_1_14' title='bbox 248 363 338 400; x_wconf 88' lang='lat' dir='ltr'><strong>rent</strong></span> <span class='ocrx_word' id='word_1_15' title='bbox 363 361 585 400; x_wconf 84' lang='lat' dir='ltr'><strong>instantiam</strong></span> <span class='ocrx_word' id='word_1_16' title='bbox 613 360 802 401; x_wconf 89' lang='lat' dir='ltr'><strong>dicentes,</strong></span> <span class='ocrx_word' id='word_1_17' title='bbox 830 357 936 408; x_wconf 85' lang='lat' dir='ltr'><strong>quod</strong></span> <span class='ocrx_word' id='word_1_18' title='bbox 972 357 1003 394; x_wconf 85' lang='lat' dir='ltr'>F</span> <span class='ocrx_word' id='word_1_19' title='bbox 1042 368 1101 395; x_wconf 87' lang='lat' dir='ltr'><strong>se-</strong></span> 
     </span>
    </p>
   </div>
   <div class='ocr_carea' id='block_1_5' title="bbox 236 410 1100 468">
    <p class='ocr_par' dir='ltr' id='par_1_5' title="bbox 236 410 1100 468">
     <span class='ocr_line' id='line_1_6' title="bbox 236 410 1100 468; baseline -0.008 -14"><span class='ocrx_word' id='word_1_20' title='bbox 236 415 378 468; x_wconf 67' lang='lat' dir='ltr'><strong>⁴quitur</strong></span> <span class='ocrx_word' id='word_1_21' title='bbox 418 414 469 452; x_wconf 87' lang='lat' dir='ltr'><strong>ad</strong></span> <span class='ocrx_word' id='word_1_22' title='bbox 511 413 558 457; x_wconf 91' lang='lat' dir='ltr'><strong>C,</strong></span> <span class='ocrx_word' id='word_1_23' title='bbox 585 414 660 452; x_wconf 90' lang='lat' dir='ltr'><strong>hoc</strong></span> <span class='ocrx_word' id='word_1_24' title='bbox 701 414 765 450; x_wconf 86' lang='lat' dir='ltr'><strong>est</strong></span> <span class='ocrx_word' id='word_1_25' title='bbox 806 411 1022 453; x_wconf 78' lang='lat' dir='ltr'><strong>auctoritas</strong></span> <span class='ocrx_word' id='word_1_26' title='bbox 1050 410 1100 448; x_wconf 92' lang='lat' dir='ltr'><strong>ad</strong></span> 
     </span>
    </p>
   </div>
   <div class='ocr_carea' id='block_1_6' title="bbox 248 465 1100 674">
    <p class='ocr_par' dir='ltr' id='par_1_6' title="bbox 248 465 1100 674">
     <span class='ocr_line' id='line_1_7' title="bbox 249 465 1099 514; baseline -0.007 -7"><span class='ocrx_word' id='word_1_27' title='bbox 249 469 504 510; x_wconf 80' lang='lat' dir='ltr'><strong>nativitatem,</strong></span> <span class='ocrx_word' id='word_1_28' title='bbox 533 469 575 504; x_wconf 89' lang='lat' dir='ltr'><strong>et</strong></span> <span class='ocrx_word' id='word_1_29' title='bbox 602 477 673 514; x_wconf 90' lang='lat' dir='ltr'><strong>pro</strong></span> <span class='ocrx_word' id='word_1_30' title='bbox 707 465 967 504; x_wconf 86' lang='lat' dir='ltr'>antecedente</span> <span class='ocrx_word' id='word_1_31' title='bbox 996 465 1099 502; x_wconf 90' lang='lat' dir='ltr'><strong>bene</strong></span> 
     </span>
     <span class='ocr_line' id='line_1_8' title="bbox 248 518 1100 567; baseline -0.008 -7"><span class='ocrx_word' id='word_1_32' title='bbox 248 521 413 560; x_wconf 81' lang='lat' dir='ltr'><strong>infertur</strong></span> <span class='ocrx_word' id='word_1_33' title='bbox 457 531 715 567; x_wconf 84' lang='lat' dir='ltr'><strong>consequens,</strong></span> <span class='ocrx_word' id='word_1_34' title='bbox 762 521 805 556; x_wconf 90' lang='lat' dir='ltr'><strong>ut</strong></span> <span class='ocrx_word' id='word_1_35' title='bbox 850 518 989 555; x_wconf 85' lang='lat' dir='ltr'><strong>animal</strong></span> <span class='ocrx_word' id='word_1_36' title='bbox 1029 528 1100 564; x_wconf 89' lang='lat' dir='ltr'><strong>pro</strong></span> 
     </span>
     <span class='ocr_line' id='line_1_9' title="bbox 248 571 1099 620; baseline -0.008 -6"><span class='ocrx_word' id='word_1_37' title='bbox 248 575 415 617; x_wconf 84' lang='lat' dir='ltr'><strong>homine,</strong></span> <span class='ocrx_word' id='word_1_38' title='bbox 457 573 545 612; x_wconf 90' lang='lat' dir='ltr'><strong>dico</strong></span> <span class='ocrx_word' id='word_1_39' title='bbox 573 573 676 620; x_wconf 87' lang='lat' dir='ltr'><strong>quod</strong></span> <span class='ocrx_word' id='word_1_40' title='bbox 709 572 850 616; x_wconf 74' lang='lat' dir='ltr'><strong>falsum</strong></span> <span class='ocrx_word' id='word_1_41' title='bbox 880 573 962 608; x_wconf 90' lang='lat' dir='ltr'><strong>est:</strong></span> <span class='ocrx_word' id='word_1_42' title='bbox 993 571 1099 608; x_wconf 87' lang='lat' dir='ltr'><strong>multi</strong></span> 
     </span>
     <span class='ocr_line' id='line_1_10' title="bbox 249 625 1099 674; baseline -0.007 -7"><span class='ocrx_word' id='word_1_43' title='bbox 249 629 350 667; x_wconf 86' lang='lat' dir='ltr'><strong>enim</strong></span> <span class='ocrx_word' id='word_1_44' title='bbox 370 629 460 666; x_wconf 87' lang='lat' dir='ltr'><strong>sunt</strong></span> <span class='ocrx_word' id='word_1_45' title='bbox 478 627 654 674; x_wconf 81' lang='lat' dir='ltr'><strong>maiores</strong></span> <span class='ocrx_word' id='word_1_46' title='bbox 666 627 772 669; x_wconf 87' lang='lat' dir='ltr'><strong>natu,</strong></span> <span class='ocrx_word' id='word_1_47' title='bbox 792 627 855 673; x_wconf 85' lang='lat' dir='ltr'><strong>qui</strong></span> <span class='ocrx_word' id='word_1_48' title='bbox 875 635 953 662; x_wconf 89' lang='lat' dir='ltr'><strong>non</strong></span> <span class='ocrx_word' id='word_1_49' title='bbox 974 625 1099 662; x_wconf 87' lang='lat' dir='ltr'><strong>solum</strong></span> 
     </span>
    </p>
   </div>
   <div class='ocr_carea' id='block_1_7' title="bbox 186 675 1129 837">
    <p class='ocr_par' dir='ltr' id='par_1_7' title="bbox 186 675 1129 837">
     <span class='ocr_line' id='line_1_11' title="bbox 197 675 1100 732; baseline -0.007 -12"><span class='ocrx_word' id='word_1_50' title='bbox 197 703 203 708; x_wconf 92' lang='lat'><em>-</em></span> <span class='ocrx_word' id='word_1_51' title='bbox 248 682 286 720; x_wconf 92' lang='lat' dir='ltr'><strong>in</strong></span> <span class='ocrx_word' id='word_1_52' title='bbox 328 681 562 732; x_wconf 85' lang='lat' dir='ltr'><strong>auctoritate</strong></span> <span class='ocrx_word' id='word_1_53' title='bbox 603 690 681 717; x_wconf 89' lang='lat' dir='ltr'><strong>non</strong></span> <span class='ocrx_word' id='word_1_54' title='bbox 728 678 980 726; x_wconf 84' lang='lat' dir='ltr'><strong>praecedunt,</strong></span> <span class='ocrx_word' id='word_1_55' title='bbox 1029 675 1100 715; x_wconf 83' lang='lat' dir='ltr'><strong>sed</strong></span> 
     </span>
     <span class='ocr_line' id='line_1_12' title="bbox 247 732 1129 787; baseline -0.006 -15"><span class='ocrx_word' id='word_1_56' title='bbox 247 734 365 773; x_wconf 84' lang='lat' dir='ltr'><strong>etiam</strong></span> <span class='ocrx_word' id='word_1_57' title='bbox 398 733 685 781; x_wconf 86' lang='lat' dir='ltr'><strong>praeceduntur</strong></span> <span class='ocrx_word' id='word_1_58' title='bbox 727 744 751 770; x_wconf 91' lang='lat' dir='ltr'><strong>a</strong></span> <span class='ocrx_word' id='word_1_59' title='bbox 792 732 1030 775; x_wconf 88' lang='lat' dir='ltr'><strong>minoribus;</strong></span> <span class='ocrx_word' id='word_1_60' title='bbox 1059 733 1129 787; x_wconf 63' lang='lat' dir='ltr'><strong>ut=</strong></span> 
     </span>
     <span class='ocr_line' id='line_1_13' title="bbox 186 782 1100 837; baseline -0.005 -11"><span class='ocrx_word' id='word_1_61' title='bbox 186 828 189 832; x_wconf 31' lang='lat' dir='ltr'><em>s</em></span> <span class='ocrx_word' id='word_1_62' title='bbox 215 822 221 837; x_wconf 35' lang='lat' dir='ltr'>k</span> <span class='ocrx_word' id='word_1_63' title='bbox 249 790 371 835; x_wconf 81' lang='lat' dir='ltr'><strong>patet,</strong></span> <span class='ocrx_word' id='word_1_64' title='bbox 389 788 455 825; x_wconf 89' lang='lat' dir='ltr'><strong>ubi</strong></span> <span class='ocrx_word' id='word_1_65' title='bbox 475 787 649 834; x_wconf 83' lang='lat' dir='ltr'><strong>episcopi</strong></span> <span class='ocrx_word' id='word_1_66' title='bbox 665 788 755 824; x_wconf 88' lang='lat' dir='ltr'><strong>sunt</strong></span> <span class='ocrx_word' id='word_1_67' title='bbox 770 788 947 832; x_wconf 89' lang='lat' dir='ltr'><strong>ternpore</strong></span> <span class='ocrx_word' id='word_1_68' title='bbox 976 782 1100 822; x_wconf 79' lang='lat' dir='ltr'><strong>iunio-</strong></span> 
     </span>
    </p>
   </div>
   <div class='ocr_carea' id='block_1_8' title="bbox 248 837 1102 888">
    <p class='ocr_par' dir='ltr' id='par_1_8' title="bbox 248 837 1102 888">
     <span class='ocr_line' id='line_1_14' title="bbox 248 837 1102 888; baseline -0.006 -9"><span class='ocrx_word' id='word_1_69' title='bbox 248 851 326 884; x_wconf 82' lang='lat' dir='ltr'><strong>res,</strong></span> <span class='ocrx_word' id='word_1_70' title='bbox 353 851 467 888; x_wconf 88' lang='lat' dir='ltr'><strong>quam</strong></span> <span class='ocrx_word' id='word_1_71' title='bbox 500 841 558 878; x_wconf 87' lang='lat' dir='ltr'><strong>sui</strong></span> <span class='ocrx_word' id='word_1_72' title='bbox 597 839 936 887; x_wconf 82' lang='lat' dir='ltr'><strong>archipresbyteri.</strong></span> <span class='ocrx_word' id='word_1_73' title='bbox 968 837 1017 875; x_wconf 89' lang='lat' dir='ltr'><strong>Et</strong></span> <span class='ocrx_word' id='word_1_74' title='bbox 1045 838 1102 875; x_wconf 87' lang='lat' dir='ltr'><strong>sic</strong></span> 
     </span>
    </p>
   </div>
   <div class='ocr_carea' id='block_1_9' title="bbox 223 892 1101 940">
    <p class='ocr_par' dir='ltr' id='par_1_9' title="bbox 223 892 1101 940">
     <span class='ocr_line' id='line_1_15' title="bbox 223 892 1101 940; baseline -0.005 -8"><span class='ocrx_word' id='word_1_75' title='bbox 223 936 228 940; x_wconf 57' lang='grc'>,</span> <span class='ocrx_word' id='word_1_76' title='bbox 247 894 434 932; x_wconf 82' lang='lat' dir='ltr'><strong>instantia</strong></span> <span class='ocrx_word' id='word_1_77' title='bbox 461 893 618 931; x_wconf 85' lang='lat' dir='ltr'><strong>videtur</strong></span> <span class='ocrx_word' id='word_1_78' title='bbox 636 904 769 931; x_wconf 88' lang='lat' dir='ltr'><strong>errare</strong></span> <span class='ocrx_word' id='word_1_79' title='bbox 790 892 1003 930; x_wconf 87' lang='lat' dir='ltr'><strong>secundum</strong></span> <span class='ocrx_word' id='word_1_80' title='bbox 1023 892 1101 929; x_wconf 86' lang='lat' dir='ltr'><strong>non</strong></span> 
     </span>
    </p>
   </div>
   <div class='ocr_carea' id='block_1_10' title="bbox 246 949 629 995">
    <p class='ocr_par' dir='ltr' id='par_1_10' title="bbox 246 949 629 995">
     <span class='ocr_line' id='line_1_16' title="bbox 246 949 629 995; baseline -0.005 -10"><span class='ocrx_word' id='word_1_81' title='bbox 246 952 406 995; x_wconf 74' lang='lat' dir='ltr'><strong>causam</strong></span> <span class='ocrx_word' id='word_1_82' title='bbox 435 949 478 984; x_wconf 88' lang='lat' dir='ltr'><strong>ut</strong></span> <span class='ocrx_word' id='word_1_83' title='bbox 496 958 629 984; x_wconf 85' lang='lat' dir='ltr'><strong>causa.</strong></span> 
     </span>
    </p>
   </div>
   <div class='ocr_carea' id='block_1_11' title="bbox 248 1070 1104 1317">
    <p class='ocr_par' dir='ltr' id='par_1_11' title="bbox 248 1070 1104 1317">
     <span class='ocr_line' id='line_1_17' title="bbox 303 1070 1104 1116; baseline -0.004 -7"><span class='ocrx_word' id='word_1_84' title='bbox 303 1072 360 1110; x_wconf 81' lang='lat' dir='ltr'><strong>vl.</strong></span> <span class='ocrx_word' id='word_1_85' title='bbox 391 1071 451 1108; x_wconf 92' lang='lat' dir='ltr'><strong>De</strong></span> <span class='ocrx_word' id='word_1_86' title='bbox 479 1071 611 1108; x_wconf 90' lang='lat' dir='ltr'><strong>littera</strong></span> <span class='ocrx_word' id='word_1_87' title='bbox 638 1081 736 1108; x_wconf 91' lang='lat' dir='ltr'><strong>vero</strong></span> <span class='ocrx_word' id='word_1_88' title='bbox 765 1071 873 1116; x_wconf 91' lang='lat' dir='ltr'><strong>primi</strong></span> <span class='ocrx_word' id='word_1_89' title='bbox 902 1070 987 1107; x_wconf 83' lang='lat' dir='ltr'><strong>libri</strong></span> <span class='ocrx_word' id='word_1_90' title='bbox 1033 1070 1104 1106; x_wconf 85' lang='lat' dir='ltr'><strong>Re-</strong></span> 
     </span>
     <span class='ocr_line' id='line_1_18' title="bbox 248 1122 1104 1191; baseline -0.004 -11"><span class='ocrx_word' id='word_1_91' title='bbox 248 1122 344 1191; x_wconf 55' lang='lat' dir='ltr'><strong>gum</strong></span> <span class='ocrx_word' id='word_1_92' title='bbox 387 1142 593 1179; x_wconf 85' lang='lat' dir='ltr'><strong>adsumunt</strong></span> <span class='ocrx_word' id='word_1_93' title='bbox 634 1143 750 1179; x_wconf 90' lang='lat' dir='ltr'><strong>etiam</strong></span> <span class='ocrx_word' id='word_1_94' title='bbox 793 1141 1032 1178; x_wconf 87' lang='lat' dir='ltr'><strong>creationem</strong></span> <span class='ocrx_word' id='word_1_95' title='bbox 1063 1143 1104 1177; x_wconf 91' lang='lat' dir='ltr'><strong>et</strong></span> 
     </span>
     <span class='ocr_line' id='line_1_19' title="bbox 251 1189 1103 1255; baseline -0.004 -9"><span class='ocrx_word' id='word_1_96' title='bbox 251 1189 536 1255; x_wconf 63' lang='lat' dir='ltr'><strong>depositionem</strong></span> <span class='ocrx_word' id='word_1_97' title='bbox 565 1206 716 1252; x_wconf 83' lang='lat' dir='ltr'><strong>Saulis:</strong></span> <span class='ocrx_word' id='word_1_98' title='bbox 747 1209 788 1244; x_wconf 87' lang='lat' dir='ltr'><strong>et</strong></span> <span class='ocrx_word' id='word_1_99' title='bbox 825 1206 968 1249; x_wconf 87' lang='lat' dir='ltr'><strong>dicunt,</strong></span> <span class='ocrx_word' id='word_1_100' title='bbox 998 1206 1103 1253; x_wconf 90' lang='lat' dir='ltr'><strong>quod</strong></span> 
     </span>
     <span class='ocr_line' id='line_1_20' title="bbox 251 1269 1101 1317; baseline -0.002 -7"><span class='ocrx_word' id='word_1_101' title='bbox 251 1271 346 1310; x_wconf 84' lang='lat' dir='ltr'><strong>Saul</strong></span> <span class='ocrx_word' id='word_1_102' title='bbox 374 1269 445 1309; x_wconf 77' lang='lat' dir='ltr'><strong>rex</strong></span> <span class='ocrx_word' id='word_1_103' title='bbox 486 1272 767 1310; x_wconf 78' lang='lat' dir='ltr'><strong>inthronizatus</strong></span> <span class='ocrx_word' id='word_1_104' title='bbox 795 1271 868 1308; x_wconf 79' lang='lat' dir='ltr'><strong>tuit</strong></span> <span class='ocrx_word' id='word_1_105' title='bbox 896 1269 1101 1317; x_wconf 85' lang='lat' dir='ltr'><strong>depositus</strong></span> 
     </span>
    </p>
   </div>
   <div class='ocr_carea' id='block_1_12' title="bbox 250 1342 1137 1390">
    <p class='ocr_par' dir='ltr' id='par_1_12' title="bbox 250 1342 1137 1390">
     <span class='ocr_line' id='line_1_21' title="bbox 250 1342 1137 1390; baseline -0.001 -10"><span class='ocrx_word' id='word_1_106' title='bbox 250 1354 322 1390; x_wconf 91' lang='lat' dir='ltr'><strong>per</strong></span> <span class='ocrx_word' id='word_1_107' title='bbox 348 1342 582 1386; x_wconf 86' lang='lat' dir='ltr'><strong>Samuelem,</strong></span> <span class='ocrx_word' id='word_1_108' title='bbox 612 1343 676 1389; x_wconf 86' lang='lat' dir='ltr'><strong>qui</strong></span> <span class='ocrx_word' id='word_1_109' title='bbox 704 1343 790 1379; x_wconf 88' lang='lat' dir='ltr'><strong>vice</strong></span> <span class='ocrx_word' id='word_1_110' title='bbox 820 1343 894 1379; x_wconf 90' lang='lat' dir='ltr'><strong>Dei</strong></span> <span class='ocrx_word' id='word_1_111' title='bbox 915 1342 964 1379; x_wconf 92' lang='lat' dir='ltr'><strong>de</strong></span> <span class='ocrx_word' id='word_1_112' title='bbox 994 1353 1105 1389; x_wconf 91' lang='lat' dir='ltr'><strong>prae·</strong></span> <span class='ocrx_word' id='word_1_113' title='bbox 1136 1359 1137 1369; x_wconf 50' lang='lat'>¹</span> 
     </span>
    </p>
   </div>
   <div class='ocr_carea' id='block_1_13' title="bbox 250 1407 1102 1455">
    <p class='ocr_par' dir='ltr' id='par_1_13' title="bbox 250 1407 1102 1455">
     <span class='ocr_line' id='line_1_22' title="bbox 250 1407 1102 1455; baseline -0.001 -10"><span class='ocrx_word' id='word_1_114' title='bbox 250 1410 368 1454; x_wconf 87' lang='lat' dir='ltr'><strong>cepto</strong></span> <span class='ocrx_word' id='word_1_115' title='bbox 395 1407 658 1455; x_wconf 78' lang='lat' dir='ltr'><strong>fungebatur3</strong></span> <span class='ocrx_word' id='word_1_116' title='bbox 687 1410 728 1444; x_wconf 90' lang='lat' dir='ltr'><strong>ut</strong></span> <span class='ocrx_word' id='word_1_117' title='bbox 757 1408 794 1444; x_wconf 89' lang='lat' dir='ltr'><strong>in</strong></span> <span class='ocrx_word' id='word_1_118' title='bbox 824 1409 954 1445; x_wconf 89' lang='lat' dir='ltr'><strong>littera</strong></span> <span class='ocrx_word' id='word_1_119' title='bbox 980 1410 1102 1454; x_wconf 86' lang='lat' dir='ltr'><strong>patet.</strong></span> 
     </span>
    </p>
   </div>
   <div class='ocr_carea' id='block_1_14' title="bbox 196 1472 1102 1528">
    <p class='ocr_par' dir='ltr' id='par_1_14' title="bbox 196 1472 1102 1528">
     <span class='ocr_line' id='line_1_23' title="bbox 196 1472 1102 1528; baseline 0 -18"><span class='ocrx_word' id='word_1_120' title='bbox 196 1523 200 1528; x_wconf 40' lang='grc'><strong>,</strong></span> <span class='ocrx_word' id='word_1_121' title='bbox 252 1472 302 1510; x_wconf 83' lang='lat' dir='ltr'><strong>Et</strong></span> <span class='ocrx_word' id='word_1_122' title='bbox 329 1483 379 1510; x_wconf 89' lang='lat' dir='ltr'><strong>ex</strong></span> <span class='ocrx_word' id='word_1_123' title='bbox 405 1473 479 1510; x_wconf 90' lang='lat' dir='ltr'><strong>hoc</strong></span> <span class='ocrx_word' id='word_1_124' title='bbox 509 1474 688 1524; x_wconf 87' lang='lat' dir='ltr'><strong>arguunt,</strong></span> <span class='ocrx_word' id='word_1_125' title='bbox 717 1473 822 1519; x_wconf 87' lang='lat' dir='ltr'><strong>quod</strong></span> <span class='ocrx_word' id='word_1_126' title='bbox 851 1472 1102 1519; x_wconf 88' lang='lat' dir='ltr'><strong>quemadmo-</strong></span> 
     </span>
    </p>
   </div>
   <div class='ocr_carea' id='block_1_15' title="bbox 249 1536 1102 1604">
    <p class='ocr_par' dir='ltr' id='par_1_15' title="bbox 249 1536 1102 1604">
     <span class='ocr_line' id='line_1_24' title="bbox 249 1536 1102 1604; baseline -0.001 -29"><span class='ocrx_word' id='word_1_127' title='bbox 249 1536 340 1575; x_wconf 86' lang='lat' dir='ltr'><strong>dum</strong></span> <span class='ocrx_word' id='word_1_128' title='bbox 385 1537 449 1604; x_wconf 65' lang='lat' dir='ltr'><strong>ille</strong></span> <span class='ocrx_word' id='word_1_129' title='bbox 497 1537 571 1574; x_wconf 89' lang='lat' dir='ltr'><strong>Dei</strong></span> <span class='ocrx_word' id='word_1_130' title='bbox 612 1538 782 1574; x_wconf 90' lang='lat' dir='ltr'><strong>vicarius</strong></span> <span class='ocrx_word' id='word_1_131' title='bbox 828 1538 1102 1574; x_wconf 85' lang='lat' dir='ltr'><strong>auctoritatem</strong></span> 
     </span>
    </p>
   </div>
   <div class='ocr_carea' id='block_1_16' title="bbox 184 1607 1106 1657">
    <p class='ocr_par' dir='ltr' id='par_1_16' title="bbox 184 1607 1106 1657">
     <span class='ocr_line' id='line_1_25' title="bbox 184 1607 1106 1657; baseline 0 -12"><span class='ocrx_word' id='word_1_132' title='bbox 184 1640 187 1641; x_wconf 15' lang='grc' dir='ltr'><em>γ</em></span> <span class='ocrx_word' id='word_1_133' title='bbox 251 1608 394 1645; x_wconf 11' lang='lat' dir='ltr'><strong>habuit?</strong></span> <span class='ocrx_word' id='word_1_134' title='bbox 413 1607 530 1645; x_wconf 83' lang='lat' dir='ltr'><strong>dandi</strong></span> <span class='ocrx_word' id='word_1_135' title='bbox 559 1610 600 1645; x_wconf 89' lang='lat' dir='ltr'><strong>et</strong></span> <span class='ocrx_word' id='word_1_136' title='bbox 618 1608 780 1645; x_wconf 91' lang='lat' dir='ltr'><strong>tollendi</strong></span> <span class='ocrx_word' id='word_1_137' title='bbox 809 1609 982 1657; x_wconf 87' lang='lat' dir='ltr'><strong>regimen</strong></span> <span class='ocrx_word' id='word_1_138' title='bbox 1012 1610 1106 1646; x_wconf 92' lang='lat' dir='ltr'><strong>tem-</strong></span> 
     </span>
    </p>
   </div>
   <div class='ocr_carea' id='block_1_17' title="bbox 253 1679 1104 1725">
    <p class='ocr_par' dir='ltr' id='par_1_17' title="bbox 253 1679 1104 1725">
     <span class='ocr_line' id='line_1_26' title="bbox 253 1679 1104 1725; baseline 0.001 -10"><span class='ocrx_word' id='word_1_139' title='bbox 253 1679 389 1725; x_wconf 89' lang='lat' dir='ltr'><strong>porale</strong></span> <span class='ocrx_word' id='word_1_140' title='bbox 418 1682 459 1715; x_wconf 92' lang='lat' dir='ltr'><strong>et</strong></span> <span class='ocrx_word' id='word_1_141' title='bbox 500 1679 536 1715; x_wconf 90' lang='lat' dir='ltr'><strong>in</strong></span> <span class='ocrx_word' id='word_1_142' title='bbox 579 1679 693 1716; x_wconf 89' lang='lat' dir='ltr'><strong>alium</strong></span> <span class='ocrx_word' id='word_1_143' title='bbox 731 1679 1006 1723; x_wconf 81' lang='lat' dir='ltr'><strong>transferendi,</strong></span> <span class='ocrx_word' id='word_1_144' title='bbox 1048 1680 1104 1717; x_wconf 87' lang='lat' dir='ltr'><strong>sic</strong></span> 
     </span>
    </p>
   </div>
   <div class='ocr_carea' id='block_1_18' title="bbox 235 1743 1106 1803">
    <p class='ocr_par' dir='ltr' id='par_1_18' title="bbox 235 1743 1106 1803">
     <span class='ocr_line' id='line_1_27' title="bbox 235 1743 1106 1803; baseline 0.002 -17"><span class='ocrx_word' id='word_1_145' title='bbox 235 1751 296 1787; x_wconf 78' lang='lat' dir='ltr'><strong>&#39;et</strong></span> <span class='ocrx_word' id='word_1_146' title='bbox 322 1743 422 1803; x_wconf 86' lang='lat' dir='ltr'><strong>nunc</strong></span> <span class='ocrx_word' id='word_1_147' title='bbox 451 1749 526 1787; x_wconf 90' lang='lat' dir='ltr'><strong>Dei</strong></span> <span class='ocrx_word' id='word_1_148' title='bbox 567 1750 747 1792; x_wconf 86' lang='lat' dir='ltr'><strong>vicarius,</strong></span> <span class='ocrx_word' id='word_1_149' title='bbox 783 1750 985 1788; x_wconf 87' lang='lat' dir='ltr'><strong>Ecclesiae</strong></span> <span class='ocrx_word' id='word_1_150' title='bbox 1027 1748 1106 1788; x_wconf 82' lang='lat' dir='ltr'><strong>uni-</strong></span> 
     </span>
    </p>
   </div>
   <div class='ocr_carea' id='block_1_19' title="bbox 252 1820 1106 1875">
    <p class='ocr_par' dir='ltr' id='par_1_19' title="bbox 252 1820 1106 1875">
     <span class='ocr_line' id='line_1_28' title="bbox 252 1820 1106 1875; baseline 0.004 -18"><span class='ocrx_word' id='word_1_151' title='bbox 252 1820 419 1858; x_wconf 83' lang='lat' dir='ltr'><strong>versalis</strong></span> <span class='ocrx_word' id='word_1_152' title='bbox 461 1821 638 1873; x_wconf 85' lang='lat' dir='ltr'><strong>antistes,</strong></span> <span class='ocrx_word' id='word_1_153' title='bbox 668 1823 939 1860; x_wconf 84' lang='lat' dir='ltr'><strong>auctoritatem</strong></span> <span class='ocrx_word' id='word_1_154' title='bbox 973 1823 1106 1875; x_wconf 69' lang='lat' dir='ltr'><strong>habet</strong></span> 
     </span>
    </p>
   </div>
   <div class='ocr_carea' id='block_1_20' title="bbox 251 1890 1105 2004">
    <p class='ocr_par' dir='ltr' id='par_1_20' title="bbox 251 1890 1105 2004">
     <span class='ocr_line' id='line_1_29' title="bbox 251 1890 1103 1935; baseline 0.001 -6"><span class='ocrx_word' id='word_1_155' title='bbox 251 1890 367 1929; x_wconf 82' lang='lat' dir='ltr'><strong>dandi</strong></span> <span class='ocrx_word' id='word_1_156' title='bbox 397 1893 438 1928; x_wconf 86' lang='lat' dir='ltr'><strong>et</strong></span> <span class='ocrx_word' id='word_1_157' title='bbox 466 1892 639 1935; x_wconf 91' lang='lat' dir='ltr'><strong>tollendi,</strong></span> <span class='ocrx_word' id='word_1_158' title='bbox 669 1894 710 1930; x_wconf 91' lang='lat' dir='ltr'><strong>et</strong></span> <span class='ocrx_word' id='word_1_159' title='bbox 729 1893 846 1929; x_wconf 89' lang='lat' dir='ltr'><strong>etiam</strong></span> <span class='ocrx_word' id='word_1_160' title='bbox 866 1893 1103 1931; x_wconf 83' lang='lat' dir='ltr'><strong>transferen-</strong></span> 
     </span>
     <span class='ocr_line' id='line_1_30' title="bbox 253 1955 1105 2004; baseline 0.002 -10"><span class='ocrx_word' id='word_1_161' title='bbox 253 1955 291 1994; x_wconf 86' lang='lat' dir='ltr'><strong>di</strong></span> <span class='ocrx_word' id='word_1_162' title='bbox 319 1958 514 2002; x_wconf 86' lang='lat' dir='ltr'><strong>sceptrum</strong></span> <span class='ocrx_word' id='word_1_163' title='bbox 543 1957 740 2004; x_wconf 86' lang='lat' dir='ltr'><strong>regiminis</strong></span> <span class='ocrx_word' id='word_1_164' title='bbox 777 1959 1025 2004; x_wconf 85' lang='lat' dir='ltr'><strong>temporalis;</strong></span> <span class='ocrx_word' id='word_1_165' title='bbox 1055 1970 1105 1996; x_wconf 85' lang='lat' dir='ltr'><strong>ex</strong></span> 
     </span>
    </p>
   </div>
   <div class='ocr_carea' id='block_1_21' title="bbox 1173 304 2030 780">
    <p class='ocr_par' dir='ltr' id='par_1_21' title="bbox 1173 304 2030 780">
     <span class='ocr_line' id='line_1_31' title="bbox 1227 304 2028 344; baseline 0.004 -3"><span class='ocrx_word' id='word_1_166' title='bbox 1227 304 1260 341; x_wconf 86' lang='lat' dir='ltr'>E</span> <span class='ocrx_word' id='word_1_167' title='bbox 1301 315 1345 342; x_wconf 88' lang='lat' dir='ltr'><strong>se</strong></span> <span class='ocrx_word' id='word_1_168' title='bbox 1393 305 1647 343; x_wconf 84' lang='lat' dir='ltr'><strong>insistessero</strong></span> <span class='ocrx_word' id='word_1_169' title='bbox 1690 306 1751 343; x_wconf 93' lang='lat' dir='ltr'><strong>col</strong></span> <span class='ocrx_word' id='word_1_170' title='bbox 1785 306 1868 344; x_wconf 87' lang='lat' dir='ltr'><strong>dire</strong></span> <span class='ocrx_word' id='word_1_171' title='bbox 1897 307 1969 344; x_wconf 88' lang='lat' dir='ltr'><strong>che</strong></span> <span class='ocrx_word' id='word_1_172' title='bbox 1997 305 2028 343; x_wconf 87' lang='lat' dir='ltr'>F</span> 
     </span>
     <span class='ocr_line' id='line_1_32' title="bbox 1173 357 2029 406; baseline 0.004 -12"><span class='ocrx_word' id='word_1_173' title='bbox 1173 368 1297 406; x_wconf 87' lang='lat' dir='ltr'><strong>segue</strong></span> <span class='ocrx_word' id='word_1_174' title='bbox 1327 369 1351 394; x_wconf 90' lang='lat' dir='ltr'><strong>a</strong></span> <span class='ocrx_word' id='word_1_175' title='bbox 1372 357 1418 402; x_wconf 88' lang='lat' dir='ltr'><strong>C,</strong></span> <span class='ocrx_word' id='word_1_176' title='bbox 1439 359 1529 396; x_wconf 73' lang='lat' dir='ltr'><strong>cioe</strong></span> <span class='ocrx_word' id='word_1_177' title='bbox 1555 358 1760 396; x_wconf 78' lang='lat' dir='ltr'><strong>l’autorita</strong></span> <span class='ocrx_word' id='word_1_178' title='bbox 1781 361 1858 397; x_wconf 89' lang='lat' dir='ltr'><strong>alla</strong></span> <span class='ocrx_word' id='word_1_179' title='bbox 1877 360 2029 397; x_wconf 86' lang='lat' dir='ltr'><strong>nascita</strong></span> 
     </span>
     <span class='ocr_line' id='line_1_33' title="bbox 1173 411 2027 458; baseline 0.002 -10"><span class='ocrx_word' id='word_1_180' title='bbox 1173 422 1196 448; x_wconf 93' lang='lat' dir='ltr'><strong>e</strong></span> <span class='ocrx_word' id='word_1_181' title='bbox 1240 412 1311 448; x_wconf 88' lang='lat' dir='ltr'><strong>che</strong></span> <span class='ocrx_word' id='word_1_182' title='bbox 1353 422 1424 458; x_wconf 88' lang='lat' dir='ltr'><strong>per</strong></span> <span class='ocrx_word' id='word_1_183' title='bbox 1466 411 1754 450; x_wconf 88' lang='lat' dir='ltr'><strong>l’antecedente</strong></span> <span class='ocrx_word' id='word_1_184' title='bbox 1783 413 1815 450; x_wconf 88' lang='lat' dir='ltr'><strong>si</strong></span> <span class='ocrx_word' id='word_1_185' title='bbox 1844 412 2027 458; x_wconf 83' lang='lat' dir='ltr'><strong>inferisce</strong></span> 
     </span>
     <span class='ocr_line' id='line_1_34' title="bbox 1173 465 2028 516; baseline 0.004 -15"><span class='ocrx_word' id='word_1_186' title='bbox 1173 465 1275 502; x_wconf 91' lang='lat' dir='ltr'><strong>bene</strong></span> <span class='ocrx_word' id='word_1_187' title='bbox 1320 465 1346 516; x_wconf 76' lang='lat' dir='ltr'><strong>il</strong></span> <span class='ocrx_word' id='word_1_188' title='bbox 1394 469 1678 513; x_wconf 89' lang='lat' dir='ltr'><strong>conseguente,</strong></span> <span class='ocrx_word' id='word_1_189' title='bbox 1708 477 1818 503; x_wconf 91' lang='lat' dir='ltr'><strong>come</strong></span> <span class='ocrx_word' id='word_1_190' title='bbox 1861 467 2028 504; x_wconf 89' lang='lat' dir='ltr'><strong>animale</strong></span> 
     </span>
     <span class='ocr_line' id='line_1_35' title="bbox 1173 519 2028 566; baseline 0.005 -12"><span class='ocrx_word' id='word_1_191' title='bbox 1173 528 1244 564; x_wconf 90' lang='lat' dir='ltr'><strong>per</strong></span> <span class='ocrx_word' id='word_1_192' title='bbox 1263 529 1393 561; x_wconf 88' lang='lat' dir='ltr'><strong>uomo,</strong></span> <span class='ocrx_word' id='word_1_193' title='bbox 1409 519 1597 565; x_wconf 86' lang='lat' dir='ltr'><strong>rispondo</strong></span> <span class='ocrx_word' id='word_1_194' title='bbox 1618 521 1689 556; x_wconf 88' lang='lat' dir='ltr'><strong>che</strong></span> <span class='ocrx_word' id='word_1_195' title='bbox 1705 523 1847 566; x_wconf 90' lang='lat' dir='ltr'><strong>questo</strong></span> <span class='ocrx_word' id='word_1_196' title='bbox 1868 522 1890 557; x_wconf 80' lang='grc' dir='ltr'>ὲ</span> <span class='ocrx_word' id='word_1_197' title='bbox 1911 520 2028 563; x_wconf 80' lang='lat' dir='ltr'><strong>falso,</strong></span> 
     </span>
     <span class='ocr_line' id='line_1_36' title="bbox 1173 572 2030 620; baseline 0.004 -12"><span class='ocrx_word' id='word_1_198' title='bbox 1173 572 1318 617; x_wconf 77' lang='lat' dir='ltr'><strong>perche</strong></span> <span class='ocrx_word' id='word_1_199' title='bbox 1346 572 1455 609; x_wconf 91' lang='lat' dir='ltr'><strong>molti</strong></span> <span class='ocrx_word' id='word_1_200' title='bbox 1470 583 1584 609; x_wconf 61' lang='lat' dir='ltr'><strong>‘sono</strong></span> <span class='ocrx_word' id='word_1_201' title='bbox 1605 574 1797 619; x_wconf 85' lang='lat' dir='ltr'><strong>superiori</strong></span> <span class='ocrx_word' id='word_1_202' title='bbox 1818 584 1888 620; x_wconf 89' lang='lat' dir='ltr'><strong>per</strong></span> <span class='ocrx_word' id='word_1_203' title='bbox 1907 573 2030 611; x_wconf 90' lang='lat' dir='ltr'><strong>nasci-</strong></span> 
     </span>
     <span class='ocr_line' id='line_1_37' title="bbox 1173 627 2029 674; baseline 0.004 -13"><span class='ocrx_word' id='word_1_204' title='bbox 1173 627 1227 668; x_wconf 90' lang='lat' dir='ltr'><strong>ta,</strong></span> <span class='ocrx_word' id='word_1_205' title='bbox 1256 627 1405 662; x_wconf 86' lang='lat' dir='ltr'><strong>mentre</strong></span> <span class='ocrx_word' id='word_1_206' title='bbox 1434 636 1511 662; x_wconf 89' lang='lat' dir='ltr'><strong>non</strong></span> <span class='ocrx_word' id='word_1_207' title='bbox 1541 627 1630 663; x_wconf 85' lang='lat' dir='ltr'><strong>solo</strong></span> <span class='ocrx_word' id='word_1_208' title='bbox 1659 637 1735 663; x_wconf 88' lang='lat' dir='ltr'><strong>non</strong></span> <span class='ocrx_word' id='word_1_209' title='bbox 1775 637 1875 664; x_wconf 84' lang='lat' dir='ltr'><strong>sono</strong></span> <span class='ocrx_word' id='word_1_210' title='bbox 1913 638 2029 674; x_wconf 86' lang='lat' dir='ltr'><strong>supe-</strong></span> 
     </span>
     <span class='ocr_line' id='line_1_38' title="bbox 1174 679 2030 726; baseline 0.002 -11"><span class='ocrx_word' id='word_1_211' title='bbox 1174 679 1265 715; x_wconf 88' lang='lat' dir='ltr'><strong>riori</strong></span> <span class='ocrx_word' id='word_1_212' title='bbox 1295 689 1365 725; x_wconf 90' lang='lat' dir='ltr'><strong>per</strong></span> <span class='ocrx_word' id='word_1_213' title='bbox 1393 679 1575 721; x_wconf 75' lang='lat' dir='ltr'><strong>autorita,</strong></span> <span class='ocrx_word' id='word_1_214' title='bbox 1606 691 1667 716; x_wconf 90' lang='lat' dir='ltr'><strong>ma</strong></span> <span class='ocrx_word' id='word_1_215' title='bbox 1688 681 1772 716; x_wconf 90' lang='lat' dir='ltr'><strong>anzi</strong></span> <span class='ocrx_word' id='word_1_216' title='bbox 1793 691 1893 717; x_wconf 82' lang='lat' dir='ltr'><strong>sono</strong></span> <span class='ocrx_word' id='word_1_217' title='bbox 1914 691 2030 726; x_wconf 88' lang='lat' dir='ltr'><strong>supe-</strong></span> 
     </span>
     <span class='ocr_line' id='line_1_39' title="bbox 1174 731 2030 780; baseline 0.002 -12"><span class='ocrx_word' id='word_1_218' title='bbox 1174 732 1248 769; x_wconf 90' lang='lat' dir='ltr'><strong>rati</strong></span> <span class='ocrx_word' id='word_1_219' title='bbox 1277 731 1328 769; x_wconf 89' lang='lat' dir='ltr'><strong>da</strong></span> <span class='ocrx_word' id='word_1_220' title='bbox 1357 733 1421 778; x_wconf 70' lang='lat' dir='ltr'><strong>piu</strong></span> <span class='ocrx_word' id='word_1_221' title='bbox 1449 733 1620 780; x_wconf 88' lang='lat' dir='ltr'><strong>giovani,</strong></span> <span class='ocrx_word' id='word_1_222' title='bbox 1650 744 1760 770; x_wconf 92' lang='lat' dir='ltr'><strong>come</strong></span> <span class='ocrx_word' id='word_1_223' title='bbox 1791 734 1822 771; x_wconf 85' lang='lat' dir='ltr'><strong>si</strong></span> <span class='ocrx_word' id='word_1_224' title='bbox 1861 734 1963 771; x_wconf 90' lang='lat' dir='ltr'><strong>vede</strong></span> <span class='ocrx_word' id='word_1_225' title='bbox 1992 735 2030 770; x_wconf 78' lang='lat' dir='ltr'><strong>la</strong></span> 
     </span>
    </p>
   </div>
   <div class='ocr_carea' id='block_1_22' title="bbox 1170 785 2031 834">
    <p class='ocr_par' dir='ltr' id='par_1_22' title="bbox 1170 785 2031 834">
     <span class='ocr_line' id='line_1_40' title="bbox 1170 785 2031 834; baseline 0.002 -12"><span class='ocrx_word' id='word_1_226' title='bbox 1170 785 1279 822; x_wconf 62' lang='lat' dir='ltr'><strong>&gt;dove</strong></span> <span class='ocrx_word' id='word_1_227' title='bbox 1309 786 1319 822; x_wconf 88' lang='lat' dir='ltr'><strong>i</strong></span> <span class='ocrx_word' id='word_1_228' title='bbox 1348 787 1512 823; x_wconf 87' lang='lat' dir='ltr'><strong>vescovi</strong></span> <span class='ocrx_word' id='word_1_229' title='bbox 1541 797 1642 824; x_wconf 82' lang='lat' dir='ltr'><strong>sono</strong></span> <span class='ocrx_word' id='word_1_230' title='bbox 1672 798 1742 833; x_wconf 91' lang='lat' dir='ltr'><strong>per</strong></span> <span class='ocrx_word' id='word_1_231' title='bbox 1771 789 1836 824; x_wconf 79' lang='lat' dir='ltr'><strong>eta</strong></span> <span class='ocrx_word' id='word_1_232' title='bbox 1865 788 1929 834; x_wconf 73' lang='lat' dir='ltr'><strong>piu</strong></span> <span class='ocrx_word' id='word_1_233' title='bbox 1949 788 2031 834; x_wconf 88' lang='lat' dir='ltr'><strong>gio-</strong></span> 
     </span>
    </p>
   </div>
   <div class='ocr_carea' id='block_1_23' title="bbox 1174 839 2031 984">
    <p class='ocr_par' dir='ltr' id='par_1_23' title="bbox 1174 839 2031 984">
     <span class='ocr_line' id='line_1_41' title="bbox 1174 839 2031 887; baseline 0.004 -12"><span class='ocrx_word' id='word_1_234' title='bbox 1174 839 1265 876; x_wconf 89' lang='lat' dir='ltr'><strong>vani</strong></span> <span class='ocrx_word' id='word_1_235' title='bbox 1295 839 1357 876; x_wconf 92' lang='lat' dir='ltr'><strong>dei</strong></span> <span class='ocrx_word' id='word_1_236' title='bbox 1396 840 1482 877; x_wconf 93' lang='lat' dir='ltr'><strong>loro</strong></span> <span class='ocrx_word' id='word_1_237' title='bbox 1525 840 1718 886; x_wconf 89' lang='lat' dir='ltr'><strong>arcipreti.</strong></span> <span class='ocrx_word' id='word_1_238' title='bbox 1750 840 1847 878; x_wconf 86' lang='lat' dir='ltr'><strong>Cosl</strong></span> <span class='ocrx_word' id='word_1_239' title='bbox 1890 843 2031 887; x_wconf 85' lang='lat' dir='ltr'><strong>questa</strong></span> 
     </span>
     <span class='ocr_line' id='line_1_42' title="bbox 1177 892 2030 940; baseline 0.001 -11"><span class='ocrx_word' id='word_1_240' title='bbox 1177 892 1381 930; x_wconf 91' lang='lat' dir='ltr'><strong>obiezione</strong></span> <span class='ocrx_word' id='word_1_241' title='bbox 1420 894 1453 930; x_wconf 92' lang='lat' dir='ltr'><strong>ci</strong></span> <span class='ocrx_word' id='word_1_242' title='bbox 1478 903 1573 940; x_wconf 90' lang='lat' dir='ltr'><strong>pare</strong></span> <span class='ocrx_word' id='word_1_243' title='bbox 1602 893 1702 930; x_wconf 90' lang='lat' dir='ltr'><strong>cada</strong></span> <span class='ocrx_word' id='word_1_244' title='bbox 1730 894 1959 931; x_wconf 90' lang='lat' dir='ltr'><strong>nell’errore</strong></span> <span class='ocrx_word' id='word_1_245' title='bbox 1993 894 2030 930; x_wconf 91' lang='lat' dir='ltr'><strong>di</strong></span> 
     </span>
     <span class='ocr_line' id='line_1_43' title="bbox 1176 946 2030 984; baseline 0.002 -2"><span class='ocrx_word' id='word_1_246' title='bbox 1176 946 1344 983; x_wconf 91' lang='lat' dir='ltr'><strong>addurre</strong></span> <span class='ocrx_word' id='word_1_247' title='bbox 1356 957 1467 984; x_wconf 88' lang='lat' dir='ltr'><strong>come</strong></span> <span class='ocrx_word' id='word_1_248' title='bbox 1479 957 1600 984; x_wconf 88' lang='lat' dir='ltr'><strong>causa</strong></span> <span class='ocrx_word' id='word_1_249' title='bbox 1610 947 1670 984; x_wconf 81' lang='lat' dir='ltr'><strong>cio</strong></span> <span class='ocrx_word' id='word_1_250' title='bbox 1683 948 1754 984; x_wconf 87' lang='lat' dir='ltr'><strong>che</strong></span> <span class='ocrx_word' id='word_1_251' title='bbox 1765 958 1842 984; x_wconf 90' lang='lat' dir='ltr'><strong>non</strong></span> <span class='ocrx_word' id='word_1_252' title='bbox 1860 950 1882 984; x_wconf 82' lang='lat' dir='ltr'><strong>e</strong></span> <span class='ocrx_word' id='word_1_253' title='bbox 1898 958 2030 984; x_wconf 85' lang='lat' dir='ltr'><strong>causa.</strong></span> 
     </span>
    </p>
   </div>
   <div class='ocr_carea' id='block_1_24' title="bbox 1176 1070 2035 1944">
    <p class='ocr_par' dir='ltr' id='par_1_24' title="bbox 1176 1070 2035 1944">
     <span class='ocr_line' id='line_1_44' title="bbox 1230 1070 2031 1118; baseline 0.001 -11"><span class='ocrx_word' id='word_1_254' title='bbox 1230 1071 1286 1108; x_wconf 86' lang='lat' dir='ltr'><strong>vl.</strong></span> <span class='ocrx_word' id='word_1_255' title='bbox 1318 1070 1434 1108; x_wconf 87' lang='lat' dir='ltr'><strong>Dalla</strong></span> <span class='ocrx_word' id='word_1_256' title='bbox 1476 1071 1620 1108; x_wconf 88' lang='lat' dir='ltr'><strong>lettera</strong></span> <span class='ocrx_word' id='word_1_257' title='bbox 1661 1071 1724 1108; x_wconf 92' lang='lat' dir='ltr'><strong>del</strong></span> <span class='ocrx_word' id='word_1_258' title='bbox 1768 1072 1890 1118; x_wconf 89' lang='lat' dir='ltr'><strong>primo</strong></span> <span class='ocrx_word' id='word_1_259' title='bbox 1933 1072 2031 1108; x_wconf 91' lang='lat' dir='ltr'><strong>libro</strong></span> 
     </span>
     <span class='ocr_line' id='line_1_45' title="bbox 1177 1123 2032 1170; baseline 0.001 -10"><span class='ocrx_word' id='word_1_260' title='bbox 1177 1123 1239 1160; x_wconf 90' lang='lat' dir='ltr'><strong>dei</strong></span> <span class='ocrx_word' id='word_1_261' title='bbox 1271 1124 1327 1160; x_wconf 91' lang='lat' dir='ltr'><strong>Re</strong></span> <span class='ocrx_word' id='word_1_262' title='bbox 1357 1125 1560 1170; x_wconf 87' lang='lat' dir='ltr'><strong>prendono</strong></span> <span class='ocrx_word' id='word_1_263' title='bbox 1607 1125 1644 1161; x_wconf 89' lang='lat' dir='ltr'><strong>in</strong></span> <span class='ocrx_word' id='word_1_264' title='bbox 1691 1125 1752 1161; x_wconf 94' lang='lat' dir='ltr'><strong>lor</strong></span> <span class='ocrx_word' id='word_1_265' title='bbox 1798 1124 1938 1162; x_wconf 82' lang='lat' dir='ltr'><strong>favore</strong></span> <span class='ocrx_word' id='word_1_266' title='bbox 1995 1125 2032 1161; x_wconf 90' lang='lat' dir='ltr'><strong>la</strong></span> 
     </span>
     <span class='ocr_line' id='line_1_46' title="bbox 1177 1177 2031 1224; baseline 0.001 -10"><span class='ocrx_word' id='word_1_267' title='bbox 1177 1177 1356 1214; x_wconf 88' lang='lat' dir='ltr'><strong>elezione</strong></span> <span class='ocrx_word' id='word_1_268' title='bbox 1399 1189 1422 1214; x_wconf 94' lang='lat' dir='ltr'><strong>e</strong></span> <span class='ocrx_word' id='word_1_269' title='bbox 1465 1178 1503 1214; x_wconf 93' lang='lat' dir='ltr'><strong>la</strong></span> <span class='ocrx_word' id='word_1_270' title='bbox 1544 1178 1799 1224; x_wconf 87' lang='lat' dir='ltr'><strong>deposizione</strong></span> <span class='ocrx_word' id='word_1_271' title='bbox 1843 1178 1879 1215; x_wconf 90' lang='lat' dir='ltr'><strong>di</strong></span> <span class='ocrx_word' id='word_1_272' title='bbox 1922 1177 2031 1221; x_wconf 87' lang='lat' dir='ltr'><strong>Saul,</strong></span> 
     </span>
     <span class='ocr_line' id='line_1_47' title="bbox 1177 1230 2031 1278; baseline 0.001 -11"><span class='ocrx_word' id='word_1_273' title='bbox 1177 1230 1344 1267; x_wconf 90' lang='lat' dir='ltr'><strong>dicendo</strong></span> <span class='ocrx_word' id='word_1_274' title='bbox 1373 1231 1444 1267; x_wconf 93' lang='lat' dir='ltr'><strong>che</strong></span> <span class='ocrx_word' id='word_1_275' title='bbox 1474 1230 1569 1268; x_wconf 90' lang='lat' dir='ltr'><strong>Saul</strong></span> <span class='ocrx_word' id='word_1_276' title='bbox 1599 1231 1639 1268; x_wconf 79' lang='lat' dir='ltr'><strong>fu</strong></span> <span class='ocrx_word' id='word_1_277' title='bbox 1670 1234 1787 1278; x_wconf 87' lang='lat' dir='ltr'><strong>posto</strong></span> <span class='ocrx_word' id='word_1_278' title='bbox 1826 1233 1885 1268; x_wconf 85' lang='lat' dir='ltr'><strong>sul</strong></span> <span class='ocrx_word' id='word_1_279' title='bbox 1915 1234 2031 1268; x_wconf 86' lang='lat' dir='ltr'><strong>trono</strong></span> 
     </span>
     <span class='ocr_line' id='line_1_48' title="bbox 1178 1284 2031 1330; baseline 0.001 -9"><span class='ocrx_word' id='word_1_280' title='bbox 1178 1295 1200 1321; x_wconf 93' lang='lat' dir='ltr'><strong>e</strong></span> <span class='ocrx_word' id='word_1_281' title='bbox 1229 1284 1399 1330; x_wconf 75' lang='lat' dir='ltr'><strong>deposto</strong></span> <span class='ocrx_word' id='word_1_282' title='bbox 1429 1295 1500 1330; x_wconf 90' lang='lat' dir='ltr'><strong>per</strong></span> <span class='ocrx_word' id='word_1_283' title='bbox 1528 1296 1650 1330; x_wconf 88' lang='lat' dir='ltr'><strong>opera</strong></span> <span class='ocrx_word' id='word_1_284' title='bbox 1670 1284 1707 1322; x_wconf 92' lang='lat' dir='ltr'><strong>di</strong></span> <span class='ocrx_word' id='word_1_285' title='bbox 1737 1284 1934 1326; x_wconf 87' lang='lat' dir='ltr'><strong>Samuele,</strong></span> <span class='ocrx_word' id='word_1_286' title='bbox 1960 1286 2031 1322; x_wconf 86' lang='lat' dir='ltr'><strong>che</strong></span> 
     </span>
     <span class='ocr_line' id='line_1_49' title="bbox 1177 1337 2032 1384; baseline 0 -10"><span class='ocrx_word' id='word_1_287' title='bbox 1177 1337 1319 1374; x_wconf 79' lang='lat' dir='ltr'><strong>faceva</strong></span> <span class='ocrx_word' id='word_1_288' title='bbox 1348 1339 1384 1377; x_wconf 83' lang='lat' dir='ltr'><strong>le</strong></span> <span class='ocrx_word' id='word_1_289' title='bbox 1414 1339 1499 1374; x_wconf 90' lang='lat' dir='ltr'><strong>veci</strong></span> <span class='ocrx_word' id='word_1_290' title='bbox 1529 1339 1565 1375; x_wconf 90' lang='lat' dir='ltr'><strong>di</strong></span> <span class='ocrx_word' id='word_1_291' title='bbox 1582 1338 1671 1382; x_wconf 91' lang='lat' dir='ltr'><strong>Dio,</strong></span> <span class='ocrx_word' id='word_1_292' title='bbox 1688 1350 1758 1384; x_wconf 89' lang='lat' dir='ltr'><strong>per</strong></span> <span class='ocrx_word' id='word_1_293' title='bbox 1777 1350 1850 1375; x_wconf 83' lang='lat' dir='ltr'><strong>suo</strong></span> <span class='ocrx_word' id='word_1_294' title='bbox 1880 1349 2032 1375; x_wconf 89' lang='lat' dir='ltr'><strong>coman-</strong></span> 
     </span>
     <span class='ocr_line' id='line_1_50' title="bbox 1177 1391 2031 1433; baseline -0.001 -5"><span class='ocrx_word' id='word_1_295' title='bbox 1177 1391 1241 1433; x_wconf 89' lang='lat' dir='ltr'><strong>do,</strong></span> <span class='ocrx_word' id='word_1_296' title='bbox 1271 1402 1382 1428; x_wconf 90' lang='lat' dir='ltr'><strong>come</strong></span> <span class='ocrx_word' id='word_1_297' title='bbox 1419 1392 1453 1428; x_wconf 87' lang='lat' dir='ltr'><strong>si</strong></span> <span class='ocrx_word' id='word_1_298' title='bbox 1487 1391 1658 1429; x_wconf 87' lang='lat' dir='ltr'><strong>dichiara</strong></span> <span class='ocrx_word' id='word_1_299' title='bbox 1691 1393 1794 1429; x_wconf 90' lang='lat' dir='ltr'><strong>nella</strong></span> <span class='ocrx_word' id='word_1_300' title='bbox 1827 1391 2031 1429; x_wconf 79' lang='lat' dir='ltr'><strong>Scn&#39;ttura.</strong></span> 
     </span>
     <span class='ocr_line' id='line_1_51' title="bbox 1178 1444 2031 1492; baseline 0.001 -11"><span class='ocrx_word' id='word_1_301' title='bbox 1178 1444 1240 1481; x_wconf 90' lang='lat' dir='ltr'><strong>Da</strong></span> <span class='ocrx_word' id='word_1_302' title='bbox 1258 1447 1400 1490; x_wconf 87' lang='lat' dir='ltr'><strong>questo</strong></span> <span class='ocrx_word' id='word_1_303' title='bbox 1417 1448 1702 1492; x_wconf 86' lang='lat' dir='ltr'><strong>argomentano</strong></span> <span class='ocrx_word' id='word_1_304' title='bbox 1717 1447 1788 1482; x_wconf 86' lang='lat' dir='ltr'><strong>che</strong></span> <span class='ocrx_word' id='word_1_305' title='bbox 1809 1456 1919 1482; x_wconf 88' lang='lat' dir='ltr'><strong>come</strong></span> <span class='ocrx_word' id='word_1_306' title='bbox 1940 1446 2031 1492; x_wconf 85' lang='lat' dir='ltr'><strong>egli,</strong></span> 
     </span>
     <span class='ocr_line' id='line_1_52' title="bbox 1176 1498 2030 1540; baseline 0.001 -6"><span class='ocrx_word' id='word_1_307' title='bbox 1176 1498 1325 1535; x_wconf 89' lang='lat' dir='ltr'><strong>vicario</strong></span> <span class='ocrx_word' id='word_1_308' title='bbox 1354 1498 1392 1535; x_wconf 89' lang='lat' dir='ltr'><strong>di</strong></span> <span class='ocrx_word' id='word_1_309' title='bbox 1423 1498 1511 1540; x_wconf 88' lang='lat' dir='ltr'><strong>Dio,</strong></span> <span class='ocrx_word' id='word_1_310' title='bbox 1528 1499 1629 1536; x_wconf 91' lang='lat' dir='ltr'><strong>ebbe</strong></span> <span class='ocrx_word' id='word_1_311' title='bbox 1651 1498 1856 1536; x_wconf 81' lang='lat' dir='ltr'><strong>l’autorita</strong></span> <span class='ocrx_word' id='word_1_312' title='bbox 1876 1499 1912 1535; x_wconf 92' lang='lat' dir='ltr'><strong>di</strong></span> <span class='ocrx_word' id='word_1_313' title='bbox 1934 1498 2030 1535; x_wconf 84' lang='lat' dir='ltr'><strong>dare</strong></span> 
     </span>
     <span class='ocr_line' id='line_1_53' title="bbox 1177 1551 2035 1598; baseline 0.002 -11"><span class='ocrx_word' id='word_1_314' title='bbox 1177 1562 1200 1587; x_wconf 94' lang='lat' dir='ltr'><strong>e</strong></span> <span class='ocrx_word' id='word_1_315' title='bbox 1230 1551 1398 1598; x_wconf 88' lang='lat' dir='ltr'><strong>togliere</strong></span> <span class='ocrx_word' id='word_1_316' title='bbox 1442 1552 1465 1588; x_wconf 89' lang='lat' dir='ltr'><strong>il</strong></span> <span class='ocrx_word' id='word_1_317' title='bbox 1509 1554 1647 1597; x_wconf 89' lang='lat' dir='ltr'><strong>potere</strong></span> <span class='ocrx_word' id='word_1_318' title='bbox 1691 1553 1907 1598; x_wconf 87' lang='lat' dir='ltr'><strong>temporale</strong></span> <span class='ocrx_word' id='word_1_319' title='bbox 1942 1563 1964 1588; x_wconf 92' lang='lat' dir='ltr'><strong>e</strong></span> <span class='ocrx_word' id='word_1_320' title='bbox 1994 1552 2035 1588; x_wconf 70' lang='lat' dir='ltr'><strong>di</strong></span> 
     </span>
     <span class='ocr_line' id='line_1_54' title="bbox 1177 1604 2031 1647; baseline 0.002 -7"><span class='ocrx_word' id='word_1_321' title='bbox 1177 1604 1396 1641; x_wconf 77' lang='lat' dir='ltr'><strong>trasferirlo</strong></span> <span class='ocrx_word' id='word_1_322' title='bbox 1424 1605 1461 1641; x_wconf 91' lang='lat' dir='ltr'><strong>in</strong></span> <span class='ocrx_word' id='word_1_323' title='bbox 1497 1606 1596 1647; x_wconf 87' lang='lat' dir='ltr'><strong>altri,</strong></span> <span class='ocrx_word' id='word_1_324' title='bbox 1627 1607 1709 1642; x_wconf 87' lang='lat' dir='ltr'><strong>cosi</strong></span> <span class='ocrx_word' id='word_1_325' title='bbox 1747 1607 1870 1643; x_wconf 82' lang='lat' dir='ltr'><strong>anche</strong></span> <span class='ocrx_word' id='word_1_326' title='bbox 1909 1616 1979 1642; x_wconf 90' lang='lat' dir='ltr'><strong>ora</strong></span> <span class='ocrx_word' id='word_1_327' title='bbox 2008 1606 2031 1642; x_wconf 96' lang='lat' dir='ltr'><strong>il</strong></span> 
     </span>
     <span class='ocr_line' id='line_1_55' title="bbox 1177 1663 2032 1710; baseline 0.001 -10"><span class='ocrx_word' id='word_1_328' title='bbox 1177 1664 1326 1700; x_wconf 88' lang='lat' dir='ltr'><strong>vicario</strong></span> <span class='ocrx_word' id='word_1_329' title='bbox 1354 1663 1391 1700; x_wconf 90' lang='lat' dir='ltr'><strong>di</strong></span> <span class='ocrx_word' id='word_1_330' title='bbox 1421 1663 1511 1706; x_wconf 88' lang='lat' dir='ltr'><strong>Dio,</strong></span> <span class='ocrx_word' id='word_1_331' title='bbox 1542 1675 1642 1710; x_wconf 91' lang='lat' dir='ltr'><strong>capo</strong></span> <span class='ocrx_word' id='word_1_332' title='bbox 1663 1664 1767 1701; x_wconf 90' lang='lat' dir='ltr'><strong>della</strong></span> <span class='ocrx_word' id='word_1_333' title='bbox 1788 1663 1935 1701; x_wconf 86' lang='lat' dir='ltr'><strong>Chiesa</strong></span> <span class='ocrx_word' id='word_1_334' title='bbox 1951 1665 2032 1701; x_wconf 90' lang='lat' dir='ltr'><strong>uni-</strong></span> 
     </span>
     <span class='ocr_line' id='line_1_56' title="bbox 1177 1723 2032 1764; baseline 0.001 -5"><span class='ocrx_word' id='word_1_335' title='bbox 1177 1723 1346 1764; x_wconf 87' lang='lat' dir='ltr'><strong>versale,</strong></span> <span class='ocrx_word' id='word_1_336' title='bbox 1385 1723 1434 1760; x_wconf 89' lang='lat' dir='ltr'><strong>ha</strong></span> <span class='ocrx_word' id='word_1_337' title='bbox 1472 1723 1682 1761; x_wconf 71' lang='lat' dir='ltr'><strong>l’autorit‘a</strong></span> <span class='ocrx_word' id='word_1_338' title='bbox 1721 1723 1756 1760; x_wconf 92' lang='lat' dir='ltr'><strong>di</strong></span> <span class='ocrx_word' id='word_1_339' title='bbox 1796 1723 1891 1760; x_wconf 87' lang='lat' dir='ltr'><strong>dare</strong></span> <span class='ocrx_word' id='word_1_340' title='bbox 1921 1734 1943 1760; x_wconf 92' lang='lat' dir='ltr'><strong>e</strong></span> <span class='ocrx_word' id='word_1_341' title='bbox 1973 1726 2032 1760; x_wconf 91' lang='lat' dir='ltr'><strong>to-</strong></span> 
     </span>
     <span class='ocr_line' id='line_1_57' title="bbox 1177 1782 2030 1837; baseline 0.002 -19"><span class='ocrx_word' id='word_1_342' title='bbox 1177 1782 1302 1829; x_wconf 85' lang='lat' dir='ltr'><strong>gliere</strong></span> <span class='ocrx_word' id='word_1_343' title='bbox 1331 1793 1354 1819; x_wconf 92' lang='lat' dir='ltr'><strong>e</strong></span> <span class='ocrx_word' id='word_1_344' title='bbox 1383 1782 1420 1819; x_wconf 91' lang='lat' dir='ltr'><strong>di</strong></span> <span class='ocrx_word' id='word_1_345' title='bbox 1450 1782 1654 1820; x_wconf 78' lang='lat' dir='ltr'><strong>trasferire</strong></span> <span class='ocrx_word' id='word_1_346' title='bbox 1698 1784 1736 1837; x_wconf 83' lang='lat' dir='ltr'><strong>lo</strong></span> <span class='ocrx_word' id='word_1_347' title='bbox 1779 1785 1929 1820; x_wconf 82' lang='lat' dir='ltr'><strong>scettro</strong></span> <span class='ocrx_word' id='word_1_348' title='bbox 1967 1783 2030 1820; x_wconf 89' lang='lat' dir='ltr'><strong>del</strong></span> 
     </span>
     <span class='ocr_line' id='line_1_58' title="bbox 1178 1842 2034 1889; baseline 0.002 -12"><span class='ocrx_word' id='word_1_349' title='bbox 1178 1843 1317 1887; x_wconf 87' lang='lat' dir='ltr'><strong>potere</strong></span> <span class='ocrx_word' id='word_1_350' title='bbox 1346 1843 1589 1888; x_wconf 89' lang='lat' dir='ltr'><strong>temporale;</strong></span> <span class='ocrx_word' id='word_1_351' title='bbox 1619 1853 1642 1879; x_wconf 92' lang='lat' dir='ltr'><strong>e</strong></span> <span class='ocrx_word' id='word_1_352' title='bbox 1671 1842 1886 1888; x_wconf 69' lang='lat' dir='ltr'><strong>da&#39;questo</strong></span> <span class='ocrx_word' id='word_1_353' title='bbox 1906 1842 2034 1889; x_wconf 87' lang='lat' dir='ltr'><strong>segui-</strong></span> 
     </span>
     <span class='ocr_line' id='line_1_59' title="bbox 1178 1900 2032 1944; baseline 0.001 -8"><span class='ocrx_word' id='word_1_354' title='bbox 1178 1900 1356 1944; x_wconf 87' lang='lat' dir='ltr'><strong>terebbe,</strong></span> <span class='ocrx_word' id='word_1_355' title='bbox 1386 1911 1496 1938; x_wconf 91' lang='lat' dir='ltr'><strong>come</strong></span> <span class='ocrx_word' id='word_1_356' title='bbox 1527 1901 1681 1943; x_wconf 92' lang='lat' dir='ltr'><strong>dicono,</strong></span> <span class='ocrx_word' id='word_1_357' title='bbox 1711 1903 1782 1938; x_wconf 91' lang='lat' dir='ltr'><strong>che</strong></span> <span class='ocrx_word' id='word_1_358' title='bbox 1826 1901 2032 1938; x_wconf 79' lang='lat' dir='ltr'><strong>l&#39;autorita</strong></span> 
     </span>
    </p>
   </div>
   <div class='ocr_carea' id='block_1_25' title="bbox 1178 1959 2034 2006">
    <p class='ocr_par' dir='ltr' id='par_1_25' title="bbox 1178 1959 2034 2006">
     <span class='ocr_line' id='line_1_60' title="bbox 1178 1959 2034 2006; baseline 0.001 -10"><span class='ocrx_word' id='word_1_359' title='bbox 1178 1959 1433 2006; x_wconf 88' lang='lat' dir='ltr'><strong>dell‘lmpero</strong></span> <span class='ocrx_word' id='word_1_360' title='bbox 1463 1960 1631 2006; x_wconf 87' lang='lat' dir='ltr'><strong>dipende</strong></span> <span class='ocrx_word' id='word_1_361' title='bbox 1661 1961 1766 1997; x_wconf 90' lang='lat' dir='ltr'><strong>dalla</strong></span> <span class='ocrx_word' id='word_1_362' title='bbox 1810 1960 1969 1997; x_wconf 87' lang='lat' dir='ltr'><strong>Chiesa.</strong></span> <span class='ocrx_word' id='word_1_363' title='bbox 1998 1959 2034 1996; x_wconf 86' lang='grc' dir='ltr'>Α</span> 
     </span>
    </p>
   </div>
   <div class='ocr_carea' id='block_1_26' title="bbox 512 2080 1548 2091">
    <p class='ocr_par' dir='ltr' id='par_1_26' title="bbox 512 2080 1548 2091">
     <span class='ocr_line' id='line_1_61' title="bbox 512 2080 1548 2091; baseline 0 0"><span class='ocrx_word' id='word_1_364' title='bbox 512 2080 1548 2091; x_wconf 95' lang='lat' dir='ltr'><strong> </strong></span> 
     </span>
    </p>
   </div>
   <div class='ocr_carea' id='block_1_27' title="bbox 806 2082 1548 2090">
    <p class='ocr_par' dir='ltr' id='par_1_27' title="bbox 806 2082 1548 2090">
     <span class='ocr_line' id='line_1_62' title="bbox 806 2082 1548 2090; baseline 0 0"><span class='ocrx_word' id='word_1_365' title='bbox 806 2082 1548 2090; x_wconf 95' lang='lat' dir='ltr'><strong> </strong></span> 
     </span>
    </p>
   </div>
   <div class='ocr_carea' id='block_1_28' title="bbox 251 2159 2033 2268">
    <p class='ocr_par' dir='ltr' id='par_1_28' title="bbox 251 2159 2033 2268">
     <span class='ocr_line' id='line_1_63' title="bbox 346 2159 2033 2208; baseline 0.001 -11"><span class='ocrx_word' id='word_1_366' title='bbox 346 2159 568 2197; x_wconf 75' lang='lat' dir='ltr'><strong>Secundum</strong></span> <span class='ocrx_word' id='word_1_367' title='bbox 593 2170 674 2198; x_wconf 82' lang='lat' dir='ltr'><strong>non</strong></span> <span class='ocrx_word' id='word_1_368' title='bbox 700 2171 868 2199; x_wconf 69' lang='lat' dir='ltr'><strong>causam</strong></span> <span class='ocrx_word' id='word_1_369' title='bbox 882 2162 926 2200; x_wconf 70' lang='lat'><strong>11}</strong></span> <span class='ocrx_word' id='word_1_370' title='bbox 935 2173 1076 2200; x_wconf 73' lang='lat' dir='ltr'><strong>causa.</strong></span> <span class='ocrx_word' id='word_1_371' title='bbox 1090 2166 1252 2198; x_wconf 81' lang='lat' dir='ltr'><strong>Termini</strong></span> <span class='ocrx_word' id='word_1_372' title='bbox 1266 2167 1364 2198; x_wconf 82' lang='lat' dir='ltr'><strong>della</strong></span> <span class='ocrx_word' id='word_1_373' title='bbox 1378 2167 1500 2208; x_wconf 78' lang='lat' dir='ltr'><strong>logica</strong></span> <span class='ocrx_word' id='word_1_374' title='bbox 1517 2168 1725 2201; x_wconf 72' lang='lat' dir='ltr'><strong>scolastica:</strong></span> <span class='ocrx_word' id='word_1_375' title='bbox 1755 2179 1773 2199; x_wconf 71' lang='grc' dir='ltr'>α</span> <span class='ocrx_word' id='word_1_376' title='bbox 1795 2168 1916 2200; x_wconf 82' lang='lat' dir='ltr'><strong>dando</strong></span> <span class='ocrx_word' id='word_1_377' title='bbox 1933 2177 2033 2200; x_wconf 87' lang='lat' dir='ltr'><strong>oome</strong></span> 
     </span>
     <span class='ocr_line' id='line_1_64' title="bbox 251 2221 1832 2268; baseline 0.005 -15"><span class='ocrx_word' id='word_1_378' title='bbox 251 2229 363 2253; x_wconf 74' lang='lat' dir='ltr'><strong>nausa</strong></span> <span class='ocrx_word' id='word_1_379' title='bbox 386 2221 427 2254; x_wconf 86' lang='lat' dir='ltr'><strong>di</strong></span> <span class='ocrx_word' id='word_1_380' title='bbox 451 2231 500 2253; x_wconf 85' lang='lat' dir='ltr'><strong>un</strong></span> <span class='ocrx_word' id='word_1_381' title='bbox 526 2221 621 2254; x_wconf 80' lang='lat' dir='ltr'><strong>fatto</strong></span> <span class='ocrx_word' id='word_1_382' title='bbox 646 2223 770 2263; x_wconf 81' lang='lat' dir='ltr'><strong>quella</strong></span> <span class='ocrx_word' id='word_1_383' title='bbox 795 2224 862 2256; x_wconf 84' lang='lat' dir='ltr'><strong>ohe</strong></span> <span class='ocrx_word' id='word_1_384' title='bbox 888 2234 959 2256; x_wconf 88' lang='lat' dir='ltr'><strong>non</strong></span> <span class='ocrx_word' id='word_1_385' title='bbox 987 2226 1006 2256; x_wconf 74' lang='grc' dir='ltr'>ὸ</span> <span class='ocrx_word' id='word_1_386' title='bbox 1031 2225 1230 2257; x_wconf 84' lang='lat' dir='ltr'><strong>realmente</strong></span> <span class='ocrx_word' id='word_1_387' title='bbox 1256 2235 1366 2258; x_wconf 80' lang='lat' dir='ltr'><strong>causa</strong></span> <span class='ocrx_word' id='word_1_388' title='bbox 1394 2237 1426 2258; x_wconf 85' lang='lat'><strong>».</strong></span> <span class='ocrx_word' id='word_1_389' title='bbox 1453 2237 1488 2259; x_wconf 76' lang='lat' dir='ltr'><strong>V.</strong></span> <span class='ocrx_word' id='word_1_390' title='bbox 1518 2228 1627 2260; x_wconf 80' lang='lat' dir='ltr'><strong>Parte</strong></span> <span class='ocrx_word' id='word_1_391' title='bbox 1655 2227 1681 2267; x_wconf 91' lang='lat'><strong>1,</strong></span> <span class='ocrx_word' id='word_1_392' title='bbox 1708 2237 1744 2268; x_wconf 87' lang='lat' dir='ltr'><strong>p.</strong></span> <span class='ocrx_word' id='word_1_393' title='bbox 1773 2228 1832 2261; x_wconf 80' lang='lat'><strong>32.</strong></span> 
     </span>
    </p>
   </div>
   <div class='ocr_carea' id='block_1_29' title="bbox 251 2287 2035 2757">
    <p class='ocr_par' dir='ltr' id='par_1_29' title="bbox 253 2287 2035 2517">
     <span class='ocr_line' id='line_1_65' title="bbox 348 2287 2033 2339; baseline 0.003 -15"><span class='ocrx_word' id='word_1_394' title='bbox 348 2290 401 2324; x_wconf 87' lang='lat' dir='ltr'><strong>Vl.</strong></span> <span class='ocrx_word' id='word_1_395' title='bbox 424 2287 483 2326; x_wconf 84' lang='lat' dir='ltr'><strong>De</strong></span> <span class='ocrx_word' id='word_1_396' title='bbox 508 2288 638 2327; x_wconf 71' lang='lat' dir='ltr'><strong>ll&#39;llera</strong></span> <span class='ocrx_word' id='word_1_397' title='bbox 664 2300 759 2328; x_wconf 76' lang='lat' dir='ltr'><strong>vero</strong></span> <span class='ocrx_word' id='word_1_398' title='bbox 781 2291 904 2337; x_wconf 68' lang='lat' dir='ltr'><strong>primi</strong></span> <span class='ocrx_word' id='word_1_399' title='bbox 924 2291 1021 2330; x_wconf 77' lang='lat' dir='ltr'><strong>ll&#39;brl&#39;</strong></span> <span class='ocrx_word' id='word_1_400' title='bbox 1041 2292 1236 2339; x_wconf 66' lang='lat' dir='ltr'><strong>Regum...</strong></span> <span class='ocrx_word' id='word_1_401' title='bbox 1266 2297 1294 2336; x_wconf 88' lang='lat'><strong>1,</strong></span> <span class='ocrx_word' id='word_1_402' title='bbox 1323 2299 1355 2328; x_wconf 87' lang='grc'><strong>1.</strong></span> <span class='ocrx_word' id='word_1_403' title='bbox 1383 2297 1488 2330; x_wconf 87' lang='lat' dir='ltr'><strong>Tulit</strong></span> <span class='ocrx_word' id='word_1_404' title='bbox 1526 2300 1649 2330; x_wconf 73' lang='lat' dir='ltr'><strong>autem</strong></span> <span class='ocrx_word' id='word_1_405' title='bbox 1688 2297 1835 2330; x_wconf 84' lang='lat' dir='ltr'><strong>Samuel</strong></span> <span class='ocrx_word' id='word_1_406' title='bbox 1875 2298 2033 2330; x_wconf 81' lang='lat' dir='ltr'><strong>lenticu-</strong></span> 
     </span>
     <span class='ocr_line' id='line_1_66' title="bbox 253 2349 2034 2395; baseline 0.003 -13"><span class='ocrx_word' id='word_1_407' title='bbox 253 2349 327 2383; x_wconf 70' lang='lat' dir='ltr'><strong>lam</strong></span> <span class='ocrx_word' id='word_1_408' title='bbox 352 2349 426 2383; x_wconf 82' lang='lat' dir='ltr'><strong>olei</strong></span> <span class='ocrx_word' id='word_1_409' title='bbox 451 2353 488 2383; x_wconf 70' lang='lat' dir='ltr'><strong>er</strong></span> <span class='ocrx_word' id='word_1_410' title='bbox 514 2351 652 2384; x_wconf 82' lang='lat' dir='ltr'><strong>effudit</strong></span> <span class='ocrx_word' id='word_1_411' title='bbox 677 2362 787 2394; x_wconf 79' lang='lat' dir='ltr'><strong>super</strong></span> <span class='ocrx_word' id='word_1_412' title='bbox 812 2358 924 2395; x_wconf 79' lang='lat' dir='ltr'><strong>eaput</strong></span> <span class='ocrx_word' id='word_1_413' title='bbox 949 2356 1030 2387; x_wconf 83' lang='lat' dir='ltr'><strong>eius</strong></span> <span class='ocrx_word' id='word_1_414' title='bbox 1055 2358 1092 2387; x_wconf 84' lang='lat' dir='ltr'><strong>et</strong></span> <span class='ocrx_word' id='word_1_415' title='bbox 1118 2355 1352 2388; x_wconf 73' lang='lat' dir='ltr'><strong>deosculatus</strong></span> <span class='ocrx_word' id='word_1_416' title='bbox 1378 2359 1434 2389; x_wconf 82' lang='lat' dir='ltr'><strong>est</strong></span> <span class='ocrx_word' id='word_1_417' title='bbox 1460 2367 1540 2389; x_wconf 82' lang='lat' dir='ltr'><strong>eum</strong></span> <span class='ocrx_word' id='word_1_418' title='bbox 1567 2360 1603 2389; x_wconf 84' lang='lat' dir='ltr'><strong>et</strong></span> <span class='ocrx_word' id='word_1_419' title='bbox 1629 2359 1753 2391; x_wconf 80' lang='lat' dir='ltr'><strong>dixit:</strong></span> <span class='ocrx_word' id='word_1_420' title='bbox 1795 2358 1887 2390; x_wconf 86' lang='lat' dir='ltr'><strong>Eooe</strong></span> <span class='ocrx_word' id='word_1_421' title='bbox 1926 2359 2034 2389; x_wconf 84' lang='lat' dir='ltr'><strong>unxit</strong></span> 
     </span>
     <span class='ocr_line' id='line_1_67' title="bbox 253 2409 2035 2458; baseline 0.004 -17"><span class='ocrx_word' id='word_1_422' title='bbox 253 2410 290 2442; x_wconf 67' lang='lat' dir='ltr'><strong>te</strong></span> <span class='ocrx_word' id='word_1_423' title='bbox 315 2409 496 2442; x_wconf 83' lang='lat' dir='ltr'><strong>Dominus</strong></span> <span class='ocrx_word' id='word_1_424' title='bbox 510 2420 618 2451; x_wconf 83' lang='lat' dir='ltr'><strong>super</strong></span> <span class='ocrx_word' id='word_1_425' title='bbox 632 2412 873 2445; x_wconf 73' lang='lat' dir='ltr'><strong>hereditatem</strong></span> <span class='ocrx_word' id='word_1_426' title='bbox 892 2423 995 2446; x_wconf 79' lang='lat' dir='ltr'><strong>suam</strong></span> <span class='ocrx_word' id='word_1_427' title='bbox 1010 2414 1047 2445; x_wconf 87' lang='lat' dir='ltr'><strong>in</strong></span> <span class='ocrx_word' id='word_1_428' title='bbox 1063 2414 1266 2455; x_wconf 82' lang='lat' dir='ltr'><strong>principem</strong></span> <span class='ocrx_word' id='word_1_429' title='bbox 1294 2419 1330 2449; x_wconf 86' lang='lat' dir='ltr'><strong>et</strong></span> <span class='ocrx_word' id='word_1_430' title='bbox 1357 2415 1531 2448; x_wconf 81' lang='lat' dir='ltr'><strong>liberabis</strong></span> <span class='ocrx_word' id='word_1_431' title='bbox 1558 2418 1735 2458; x_wconf 82' lang='lat' dir='ltr'><strong>populum</strong></span> <span class='ocrx_word' id='word_1_432' title='bbox 1765 2426 1869 2449; x_wconf 85' lang='lat' dir='ltr'><strong>suum</strong></span> <span class='ocrx_word' id='word_1_433' title='bbox 1897 2417 1941 2448; x_wconf 88' lang='lat' dir='ltr'><strong>de</strong></span> <span class='ocrx_word' id='word_1_434' title='bbox 1959 2427 2035 2448; x_wconf 70' lang='lat' dir='ltr'><strong>ma-</strong></span> 
     </span>
     <span class='ocr_line' id='line_1_68' title="bbox 253 2461 1901 2517; baseline 0.005 -18"><span class='ocrx_word' id='word_1_435' title='bbox 253 2467 363 2500; x_wconf 74' lang='lat' dir='ltr'><strong>nibus</strong></span> <span class='ocrx_word' id='word_1_436' title='bbox 386 2468 621 2502; x_wconf 78' lang='lat' dir='ltr'><strong>inimieorum</strong></span> <span class='ocrx_word' id='word_1_437' title='bbox 647 2461 727 2502; x_wconf 70' lang='lat' dir='ltr'><strong>eius</strong></span> <span class='ocrx_word' id='word_1_438' title='bbox 752 2474 789 2503; x_wconf 84' lang='lat' dir='ltr'><strong>et</strong></span> <span class='ocrx_word' id='word_1_439' title='bbox 814 2472 883 2504; x_wconf 83' lang='lat' dir='ltr'><strong>hoo</strong></span> <span class='ocrx_word' id='word_1_440' title='bbox 909 2473 979 2504; x_wconf 85' lang='lat' dir='ltr'><strong>tibi</strong></span> <span class='ocrx_word' id='word_1_441' title='bbox 1005 2473 1153 2514; x_wconf 81' lang='lat' dir='ltr'><strong>signum</strong></span> <span class='ocrx_word' id='word_1_442' title='bbox 1179 2475 1268 2515; x_wconf 70' lang='lat' dir='ltr'><strong>quia.</strong></span> <span class='ocrx_word' id='word_1_443' title='bbox 1292 2475 1402 2508; x_wconf 73' lang='lat' dir='ltr'><strong>unxit</strong></span> <span class='ocrx_word' id='word_1_444' title='bbox 1427 2477 1463 2507; x_wconf 81' lang='lat' dir='ltr'><strong>te</strong></span> <span class='ocrx_word' id='word_1_445' title='bbox 1490 2475 1589 2508; x_wconf 80' lang='lat' dir='ltr'><strong>Deus</strong></span> <span class='ocrx_word' id='word_1_446' title='bbox 1617 2477 1653 2507; x_wconf 87' lang='lat' dir='ltr'><strong>in</strong></span> <span class='ocrx_word' id='word_1_447' title='bbox 1682 2477 1901 2517; x_wconf 83' lang='lat' dir='ltr'><strong>prinoipem.</strong></span> 
     </span>
    </p>

    <p class='ocr_par' dir='ltr' id='par_1_30' title="bbox 251 2527 2033 2757">
     <span class='ocr_line' id='line_1_69' title="bbox 347 2527 2033 2576; baseline 0.005 -17"><span class='ocrx_word' id='word_1_448' title='bbox 347 2527 431 2560; x_wconf 87' lang='lat' dir='ltr'><strong>Ibid</strong></span> <span class='ocrx_word' id='word_1_449' title='bbox 456 2528 534 2570; x_wconf 87' lang='lat' dir='ltr'><strong>XV,</strong></span> <span class='ocrx_word' id='word_1_450' title='bbox 562 2530 619 2563; x_wconf 84' lang='grc'><strong>23.</strong></span> <span class='ocrx_word' id='word_1_451' title='bbox 652 2540 670 2560; x_wconf 79' lang='grc' dir='ltr'><strong>ι(</strong></span> <span class='ocrx_word' id='word_1_452' title='bbox 683 2530 730 2562; x_wconf 82' lang='lat' dir='ltr'><strong>Et</strong></span> <span class='ocrx_word' id='word_1_453' title='bbox 756 2531 810 2563; x_wconf 81' lang='lat' dir='ltr'><strong>ait</strong></span> <span class='ocrx_word' id='word_1_454' title='bbox 835 2530 1006 2565; x_wconf 83' lang='lat' dir='ltr'><strong>Samuel:</strong></span> <span class='ocrx_word' id='word_1_455' title='bbox 1035 2532 1106 2564; x_wconf 90' lang='lat' dir='ltr'><strong>Pro</strong></span> <span class='ocrx_word' id='word_1_456' title='bbox 1130 2543 1173 2565; x_wconf 88' lang='lat' dir='ltr'><strong>eo</strong></span> <span class='ocrx_word' id='word_1_457' title='bbox 1210 2543 1297 2574; x_wconf 86' lang='lat' dir='ltr'><strong>ergo</strong></span> <span class='ocrx_word' id='word_1_458' title='bbox 1322 2535 1418 2574; x_wconf 82' lang='lat' dir='ltr'><strong>quod</strong></span> <span class='ocrx_word' id='word_1_459' title='bbox 1445 2535 1613 2576; x_wconf 76' lang='lat' dir='ltr'><strong>abjecisti</strong></span> <span class='ocrx_word' id='word_1_460' title='bbox 1641 2545 1842 2567; x_wconf 77' lang='lat' dir='ltr'><strong>sermonem</strong></span> <span class='ocrx_word' id='word_1_461' title='bbox 1875 2536 2033 2575; x_wconf 83' lang='lat' dir='ltr'><strong>Domini,</strong></span> 
     </span>
     <span class='ocr_line' id='line_1_70' title="bbox 253 2586 2033 2634; baseline 0.004 -16"><span class='ocrx_word' id='word_1_462' title='bbox 253 2586 387 2627; x_wconf 75' lang='lat' dir='ltr'><strong>abjecit</strong></span> <span class='ocrx_word' id='word_1_463' title='bbox 412 2588 448 2618; x_wconf 81' lang='lat' dir='ltr'><strong>te</strong></span> <span class='ocrx_word' id='word_1_464' title='bbox 474 2587 653 2620; x_wconf 77' lang='lat' dir='ltr'><strong>Dominus</strong></span> <span class='ocrx_word' id='word_1_465' title='bbox 679 2599 722 2621; x_wconf 87' lang='lat' dir='ltr'><strong>ne</strong></span> <span class='ocrx_word' id='word_1_466' title='bbox 749 2590 801 2622; x_wconf 73' lang='lat' dir='ltr'><strong>sis</strong></span> <span class='ocrx_word' id='word_1_467' title='bbox 827 2600 939 2624; x_wconf 76' lang='lat' dir='ltr'><strong>rex».</strong></span> <span class='ocrx_word' id='word_1_468' title='bbox 959 2591 1015 2623; x_wconf 85' lang='lat' dir='ltr'><strong>Ha</strong></span> <span class='ocrx_word' id='word_1_469' title='bbox 1041 2592 1191 2632; x_wconf 76' lang='lat' dir='ltr'><strong>ragione</strong></span> <span class='ocrx_word' id='word_1_470' title='bbox 1219 2593 1337 2625; x_wconf 79' lang='lat' dir='ltr'><strong>Dante</strong></span> <span class='ocrx_word' id='word_1_471' title='bbox 1351 2594 1388 2624; x_wconf 83' lang='lat' dir='ltr'><strong>di</strong></span> <span class='ocrx_word' id='word_1_472' title='bbox 1407 2593 1596 2626; x_wconf 78' lang='lat' dir='ltr'><strong>affermare</strong></span> <span class='ocrx_word' id='word_1_473' title='bbox 1619 2596 1687 2626; x_wconf 71' lang='lat' dir='ltr'><strong>olle</strong></span> <span class='ocrx_word' id='word_1_474' title='bbox 1706 2594 1872 2626; x_wconf 63' lang='lat' dir='ltr'><strong>samuele</strong></span> <span class='ocrx_word' id='word_1_475' title='bbox 1899 2595 1930 2626; x_wconf 84' lang='lat' dir='ltr'><strong>si</strong></span> <span class='ocrx_word' id='word_1_476' title='bbox 1958 2603 2033 2634; x_wconf 79' lang='lat' dir='ltr'><strong>pre-</strong></span> 
     </span>
     <span class='ocr_line' id='line_1_71' title="bbox 253 2645 2031 2694; baseline 0.003 -16"><span class='ocrx_word' id='word_1_477' title='bbox 253 2647 358 2678; x_wconf 73' lang='lat' dir='ltr'><strong>senta</strong></span> <span class='ocrx_word' id='word_1_478' title='bbox 382 2655 404 2676; x_wconf 81' lang='lat' dir='ltr'><strong>a</strong></span> <span class='ocrx_word' id='word_1_479' title='bbox 429 2645 515 2678; x_wconf 82' lang='lat' dir='ltr'><strong>Saul</strong></span> <span class='ocrx_word' id='word_1_480' title='bbox 541 2656 641 2679; x_wconf 85' lang='lat' dir='ltr'><strong>oome</strong></span> <span class='ocrx_word' id='word_1_481' title='bbox 668 2657 717 2679; x_wconf 91' lang='lat' dir='ltr'><strong>un</strong></span> <span class='ocrx_word' id='word_1_482' title='bbox 742 2650 897 2681; x_wconf 80' lang='lat' dir='ltr'><strong>nuntius</strong></span> <span class='ocrx_word' id='word_1_483' title='bbox 922 2650 961 2682; x_wconf 83' lang='lat' dir='ltr'><strong>di</strong></span> <span class='ocrx_word' id='word_1_484' title='bbox 988 2650 1058 2682; x_wconf 85' lang='lat' dir='ltr'><strong>Dio</strong></span> <span class='ocrx_word' id='word_1_485' title='bbox 1082 2651 1214 2691; x_wconf 65' lang='lat' dir='ltr'><strong>poiche</strong></span> <span class='ocrx_word' id='word_1_486' title='bbox 1239 2652 1345 2692; x_wconf 75' lang='lat' dir='ltr'><strong>paria</strong></span> <span class='ocrx_word' id='word_1_487' title='bbox 1370 2663 1391 2684; x_wconf 83' lang='lat' dir='ltr'><strong>a</strong></span> <span class='ocrx_word' id='word_1_488' title='bbox 1418 2663 1522 2684; x_wconf 88' lang='lat' dir='ltr'><strong>nome</strong></span> <span class='ocrx_word' id='word_1_489' title='bbox 1547 2653 1606 2685; x_wconf 65' lang='lat' dir='ltr'><strong>dol</strong></span> <span class='ocrx_word' id='word_1_490' title='bbox 1634 2654 1800 2694; x_wconf 82' lang='lat' dir='ltr'><strong>Signore.</strong></span> <span class='ocrx_word' id='word_1_491' title='bbox 1823 2653 1931 2684; x_wconf 83' lang='lat' dir='ltr'><strong>Come</strong></span> <span class='ocrx_word' id='word_1_492' title='bbox 1958 2662 2031 2684; x_wconf 64' lang='lat' dir='ltr'><strong>ese-</strong></span> 
     </span>
     <span class='ocr_line' id='line_1_72' title="bbox 251 2704 1967 2757; baseline 0.005 -22"><span class='ocrx_word' id='word_1_493' title='bbox 251 2705 338 2747; x_wconf 70' lang='lat' dir='ltr'><strong>geta</strong></span> <span class='ocrx_word' id='word_1_494' title='bbox 360 2704 457 2757; x_wconf 58' lang='lat' dir='ltr'><strong>fielle</strong></span> <span class='ocrx_word' id='word_1_495' title='bbox 482 2705 588 2737; x_wconf 74' lang='lat' dir='ltr'><strong>Sacro</strong></span> <span class='ocrx_word' id='word_1_496' title='bbox 614 2706 791 2739; x_wconf 84' lang='lat' dir='ltr'><strong>Soritture</strong></span> <span class='ocrx_word' id='word_1_497' title='bbox 818 2707 936 2740; x_wconf 70' lang='lat' dir='ltr'><strong>Dante</strong></span> <span class='ocrx_word' id='word_1_498' title='bbox 962 2709 1141 2742; x_wconf 67' lang='lat' dir='ltr'><strong>dimostrn,</strong></span> <span class='ocrx_word' id='word_1_499' title='bbox 1166 2709 1384 2751; x_wconf 70' lang='lat' dir='ltr'><strong>originalita</strong></span> <span class='ocrx_word' id='word_1_500' title='bbox 1411 2722 1428 2742; x_wconf 85' lang='lat' dir='ltr'><strong>e</strong></span> <span class='ocrx_word' id='word_1_501' title='bbox 1455 2721 1677 2744; x_wconf 75' lang='lat' dir='ltr'><strong>conoscenza</strong></span> <span class='ocrx_word' id='word_1_502' title='bbox 1703 2722 1772 2743; x_wconf 86' lang='lat' dir='ltr'><strong>non</strong></span> <span class='ocrx_word' id='word_1_503' title='bbox 1801 2722 1967 2744; x_wconf 74' lang='lat' dir='ltr'><strong>comune.</strong></span> 
     </span>
    </p>
   </div>
  </div>
 </body>
</html>
