2248 3372
338 177 405 212 164

292 257 509 270 ΜΛΔ.

984 257 1053 266 „axj-x
1059 257 1139 266 (ij-2

291 351 465 391 servato,
492 358 576 384 cum
597 346 766 389 Sabinis,
786 356 870 382 cum
891 344 1139 387 Samnitibus,

289 410 381 445 licet
408 408 444 444 in
477 406 717 447 multitudine
747 405 1039 446 decertantium,
1070 405 1140 440 sub
1178 422 1179 446 3

821 180 863 205 11.
887 179 1090 205 TRATTATO
1114 178 1245 204 DELLA
1270 179 1511 204 MONARGBIA

1272 342 1355 382 Poi‚
1385 342 1560 379 secondo
1580 342 1619 378 la
1637 328 1866 380 narrazione
1885 342 1924 380 di
1943 342 2066 386 Livio,

1216 396 1411 432 serbando
1428 396 1520 443 ogni
1543 396 1659 443 legge
1675 395 1712 432 di
1741 405 1896 443 guerra,
1911 396 1943 433 si
1963 406 2067 433 com-

289 467 418 504 forma
445 469 575 502 tamen
605 464 735 506 duelli,
755 464 805 500 de
825 464 986 509 imperio
1007 463 1142 499 decer·
1178 474 1179 490 ¹
1215 449 1324 485 batte
1361 459 1431 494 ΡθΓ
1467 448 1654 494 Ῑ’ῙΠῙΡΕΥο
1683 449 1743 486 0οῙ
1781 450 1913 495 ΡΟΡΟῙῙ
1949 448 2068 486 confi·
2114 496 2117 497 γ

291 529 414 563 tatum
451 525 575 562 fuisse
618 524 749 561 Livius
786 525 943 559 narrat:
986 523 1022 558 in
1065 533 1141 568 quo

289 585 444 632 quidem
473 584 590 621 modo
618 582 844 620 decertandi
873 593 975 625 cum⁵
993 581 1143 618 Samni-

291 645 407 685 tibus,
437 643 522 686 fere
550 642 761 679 Fortunam
791 663 840 667 —
870 643 912 677 ut
940 641 1062 677 dicam
1093 662 1142 667 —

290 703 432 749 incepti
462 702 675 748 poenituit(
694 701 742 737 Et
769 701 843 737 hoc
886 701 1065 736 Lucanus
1107 700 1142 736 in

290 762 465 799 secundo
494 761 544 798 ad
573 761 789 806 exemplum
818 760 873 796 sic
902 759 1075 795 reducit:

293 843 356 870 Aut
374 841 497 870 Collina
515 840 584 868 tulit
605 842 721 868 stratas
739 842 816 875 quot
835 842 923 875 porta
938 841 1091 870 catervas,

294 887 369 912 tuno
389 892 457 911 cum
477 891 554 919 pene
574 884 667 918 caput
686 881 791 909 mundi
812 889 974 916 rerumque
993 883 1132 916 potestas
1162 888 1164 890 ·

297 925 428 953 mutavit
446 924 599 952 translata
617 923 729 954 locum,
752 923 954 957 Romanaque
975 921 1097 950 Samnis

296 967 379 994 ultra
397 966 556 995 Caudinas
576 965 712 1001 speravit
732 964 861 991 vulnera
880 964 995 991 furcas.

297 1035 509 1080 Postquam
537 1044 636 1070 vero
664 1032 844 1069 Italorum
865 1032 987 1079 litigia
1007 1032 1147 1068 sedata

296 1093 465 1135 fuerunt,
487 1095 631 1130 etcum
662 1091 826 1139 Graecis
853 1102 1015 1136 cumque
1045 1091 1145 1128 Poe-

296 1153 357 1189 nis
385 1151 553 1189 nondum
583 1162 654 1197 pro
683 1151 814 1187 divino
855 1150 997 1187 iudicio
1025 1153 1148 1187 certa-

292 1221 372 1254 tum
400 1220 521 1259 esset,
552 1217 589 1253 id
618 1217 815 1262 imperium
858 1215 1147 1253 intendentibus

291 1276 370 1314 illis
397 1279 439 1313 et
478 1277 575 1318 istis,
614 1275 792 1312 Fabricio
835 1285 907 1321 pro
950 1275 1145 1314 Romanis,

296 1336 444 1384 Pyrrho
474 1346 544 1381 pro
562 1335 737 1377 Graecis,
767 1335 817 1371 de
845 1334 991 1380 imperii
1019 1334 1147 1381 gloria

290 1392 331 1433 in
361 1396 517 1432 militiae
561 1394 800 1430 multitudine
843 1393 1145 1436 decertantibus,

296 1455 419 1492 Roma
438 1454 615 1491 obtinuit.
631 1452 815 1499 Scipione
830 1463 927 1489 vero
943 1463 1014 1498 pro
1029 1452 1144 1495 Italis,

294 1514 511 1551 Hannibale
528 1523 599 1559 pro
614 1511 808 1549 Africanis
826 1513 863 1548 in
883 1511 1009 1548 forma
1028 1511 1144 1548 duelli

292 1574 434 1610 bellum
463 1572 691 1620 gerentibus
732 1571 836 1607 Italis
864 1570 1034 1607 Africani
1063 1580 1146 1622 suc-

294 1639 535 1680 cubuerunt3
578 1637 678 1674 sicut
723 1637 855 1673 Livius
897 1638 938 1672 et
979 1636 1041 1672 alii
1088 1637 1144 1672 rei

291 1707 478 1734 romanae
498 1697 710 1742 scriptores
724 1694 926 1732 testificari
943 1691 1143 1731 conantur.
1170 1726 1177 1731 .

295 1755 396 1801 Quis
424 1756 540 1802 igitur
567 1765 667 1791 nunc
697 1754 798 1791 adeo
818 1755 958 1790 mentis
977 1755 1143 1791 obtusae

290 1818 365 1857 est,
394 1815 457 1861 qui
486 1825 563 1851 non
601 1813 745 1856 videat,
787 1814 860 1850 sub
903 1814 985 1849 iure
1027 1813 1144 1849 duelli
1180 1840 1182 1875 ἒ
1220 1831 1382 1868 romani·
1412 1829 1485 1866 Chi
1528 1822 1682 1875 dms-que
1711 1831 1734 1865 ὲ
1762 1828 1800 1865 di
1829 1830 1957 1864 mente
1986 1829 2069 1873 cosi
2102 1828 2110 1906 ἶ

290 1874 506 1921 gloriosum
558 1874 740 1918 populum
793 1882 977 1909 coronam
1023 1873 1144 1909 totius

291 1933 400 1970 orbis
445 1943 537 1969 esse
588 1933 774 1968 lucratum
794 1931 813 1966 Ρ
858 1931 962 1968 Vere
1018 1931 1144 1976 potuit

1178 519 1179 523 =
1216 497 1333 544 nanti,
1363 502 1423 539 coi
1452 501 1625 539 Sabinie
1654 503 1715 539 coi
1752 501 1921 544 ‘SannitL
1959 504 2067 540 sotto

1178 558 1180 586 ἐ
1216 554 1342 592 forma
1371 555 1408 591 di
1446 555 1589 598 duello,
1628 556 1876 601 quantunque
1917 555 2068 604 grande

1218 607 1327 645 fosse
1357 609 1381 644 il
1410 619 1572 645 numero
1610 608 1672 645 dei
1710 608 1989 652 combattenti3
2017 608 2068 645 ed

1217 662 1253 697 in
1300 664 1441 707 questo
1487 661 1603 698 m'odo
1646 661 1682 698 di
1725 661 1965 699 combattere
2005 662 2067 699 coi

1218 713 1367 751 Sanniti
1406 725 1476 760 per
1517 711 1618 760 poco
1647 736 1696 761 ÷
1726 714 1811 751 diro
1839 717 1921 752 cosi
1951 736 2000 741 -—
2030 715 2068 751 la

1217 767 1391 804 Fortuna
1419 778 1496 804 non
1526 768 1627 804 ebbe
1656 778 1680 804 a
1708 768 1867 814 pentirsi
1901 767 1964 805 del
1993 778 2067 805 suo

1217 821 1422 858 tentativo.
1466 820 1621 866 Questo
1663 831 1708 858 ce
1750 821 1789 858 lo
1829 821 1976 867 riporta
2018 821 2067 858 ad

1218 874 1394 920 esempio
1423 874 1580 910 Lucano
1609 875 1672 910 nel
1690 874 1876 911 -secondo
1903 876 2040 912 canto:

1291 952 1305 967 «
1325 941 1446 975 Quante
1466 941 1586 969 schiere
1605 941 1771 970 abbattute
1788 949 1853 970 non
1872 944 2020 971 somnne
2038 942 2069 970 la

1203 980 1307 1013 «porta
1327 977 1459 1009 Collina,
1479 977 1578 1005 allora
1596 977 1723 1013 quando
1738 985 1812 1018 ‘per
1841 985 1919 1013 poco
1937 977 1970 1005 la,
1987 977 2070 1014 (iapi-

1219 1013 1280 1040 lale
1298 1013 1349 1040 del
1370 1013 1483 1040 mondo
1504 1013 1541 1040 ed
1557 1012 1583 1040 -il
1602 1018 1718 1040 sommo
1737 1021 1854 1049 lmpero
1881 1021 1946 1042 non
1972 1015 2070 1041 mula-

1219 1056 1297 1077 rono
1317 1049 1392 1076 sede
1411 1048 1448 1076 ed
1468 1048 1490 1075 il
1510 1049 1640 1076 Sannita
1658 1049 1711 1084 piu
1731 1048 1788 1077 che
1801 1047 1861 1076 alle
1874 1048 1980 1077 rorohe
1992 1050 2071 1078 Cau-

1218 1084 1293 1111 (line
1312 1085 1404 1120 spero
1423 1084 1535 1120 piaghe
1554 1092 1680 1112 romane
1697 1095 1711 1108 ι
1727 1083 1734 1111 !
2099 1092 2102 1094 ’

1219 1140 1290 1177 Ma
1318 1140 1497 1186 dopoc'he
1525 1139 1668 1177 turono
1696 1142 1899 1186 composte
1926 1140 1964 1176 le
1983 1150 2073 1177 con-

1221 1196 1308 1230 tese
1356 1194 1522 1231 italiche,
1552 1204 1628 1230 non
1671 1192 1879 1230 essendosi
1925 1199 2071 1234 ancora
2230 1203 2248 1247 '1

1221 1247 1463 1284 combattuto
1509 1257 1580 1292 per
1626 1246 1758 1283 divino
1798 1245 1968 1293 giudizio
2009 1247 2070 1296 coi
2230 1247 2231 1250 ’

1222 1299 1338 1336 Greci
1368 1310 1391 1336 e
1421 1298 1683 1346 Cartaginesi‚
1704 1299 1913 1345 aspirando
1941 1300 2089 1345 questi:
2204 1300 2206 1302 ’

1221 1364 1243 1389 e
1273 1353 1388 1398 quelli
1418 1351 1481 1389 all’
1495 1353 1655 1398 impero,
1687 1352 1809 1388 Roma
1836 1362 1885 1388 ne
1906 1332 2098 1437 ottenneN

1222 1407 1259 1442 la
1287 1406 1425 1452 gloria,
1468 1407 1616 1441 mentre
1662 1404 1842 1441 Fabrizio
1896 1405 2068 1442 combat-
2136 1439 2138 1441 ,

1223 1461 1316 1496 teva
1362 1459 1424 1504 pei
1482 1458 1643 1495 Romani
1689 1468 1712 1494 e
1760 1457 1870 1494 Pirro
1930 1467 2002 1503 per
2057 1458 2066 1493 i
2088 1463 2096 1507 s

1215 1512 1334 1549 ‘Greci
1364 1522 1436 1548 con
1473 1511 1623 1558 grande
1663 1515 1824 1547 numero
1852 1510 1889 1546 di
1918 1510 2087 1558 miliziaj

1219 1564 1389 1610 Quando
1426 1565 1491 1610 poi
1527 1563 1711 1609 Scipione
1739 1574 1810 1609 per
1837 1562 1985 1600 l’ltalia
2017 1563 2068 1600 ed

1218 1617 1409 1663 Annibale
1438 1628 1508 1663 per
1535 1616 1694 1653 l'Atrica
1721 1615 1964 1653 condussero
1992 1625 2069 1652 una

1218 1682 1361 1719 guerra
1376 1671 1412 1707 in
1442 1670 1568 1707 forma
1596 1670 1633 1706 di
1662 1669 1806 1711 duello,
1825 1669 1877 1716 gli
1897 1668 2069 1705 Africani

1217 1725 1530 1774 soccovmbettero
1546 1725 1653 1760 sotto
1672 1723 1682 1758 i
1700 1721 1874 1765 Romani,
1893 1732 2005 1759 come
2019 1731 2070 1758 ne

1218 1777 1340 1814 fanno
1365 1777 1456 1814 fede
1477 1777 1587 1813 Livio
1607 1787 1629 1813 e
1649 1775 1737 1815 tutti
1757 1775 1810 1823 gli
1830 1775 1917 1812 altri
1937 1774 2069 1812 storiei

1218 1886 1354 1921 ottusa
1382 1884 1453 1919 che
1481 1893 1558 1919 non
1587 1881 1702 1924 veda,
1730 1882 1802 1918 che
1829 1891 1903 1917 con
1937 1879 2068 1917 diritto
2142 1866 2223 1930 ις’

1220 1937 1257 1973 di
1285 1946 1428 1984 guerra
1447 1936 1471 1971 il
1487 1935 1633 1980 popolo
1652 1934 1829 1981 glorioso
1856 1932 2067 1978 s’acquisto
2097 1907 2107 1959 Ῑ

289 1992 423 2029 dicere
477 1992 594 2028 homo
650 1991 863 2033 Romanus,
911 1990 1015 2036 quod
1061 1991 1142 2036 qui·
1221 1991 1260 2027 lo
1288 1991 1436 2026 scettro
1478 1988 1515 2024 di
1557 1990 1659 2024 tutto
1697 1987 1720 2023 il
1759 1985 1901 2023 mondo
1922 1985 1942 2021 Ρ
1983 1984 2066 2022 Ben

2239 2077 2248 2103 ἰ

2223 2105 2248 2186 ὲ.

390 2202 579 2242 Orosius.
608 2205 709 2237 Hist.
738 2204 787 2246 ΙΙ,
815 2205 850 2236 4.
2246 2199 2248 2202 .

390 2274 589 2316 Lucanus,
618 2276 744 2308 Phar-s.
773 2276 822 2314 11,
852 2275 928 2308 135.
955 2274 1147 2306 Nell'anno
1173 2274 1218 2305 82
1244 2283 1277 2307 a.
1307 2274 1367 2305 Cr.
1396 2273 1552 2304 durante
1590 2271 1627 2303 la
1663 2280 1797 2312 guerra
1819 2269 1943 2310 civile,
1967 2269 2002 2302 oi
2026 2268 2069 2301 fu

293 2346 369 2368 nna.
393 2336 575 2377 battaglia
600 2335 656 2367 fra
680 2335 834 2367 Romani
860 2343 880 2366 e
905 2333 1049 2365 Sanniti
1075 2333 1150 2365 alla
1176 2334 1280 2373 porta,
1309 2332 1455 2364 Collina
1480 2341 1547 2363 oon
1562 2330 1699 2372 grande
1713 2331 1837 2370 strage
1860 2329 1921 2361 dei
1946 2327 2069 2369 primi.

388 2403 585 2450 Scipione
606 2412 682 2448 pro
706 2402 839 2440 Italis:
2245 2451 2248 2453 -

413 2462 416 2463 ’
766 2464 826 2495 Ma
857 2463 960 2495 l'alta
987 2463 1250 2500 Provvidonza,
1275 2461 1342 2493 ohe
1367 2470 1434 2492 oon
1462 2460 1585 2500 Scipio
1670 2459 1685 2468 ”·
2237 2464 2248 2506 4Ε

724 2523 860 2562 Disese,
888 2532 910 2554 a.
934 2522 1060 2562 Roma,
1086 2521 1122 2553 la
1147 2521 1268 2562 gloria
1293 2520 1351 2551 del
1377 2520 1522 2551 mondo.

387 2655 473 2687 Cosi
499 2653 668 2686 Fabrizio
693 2663 712 2685 e
737 2652 907 2693 Scipione
932 2651 1112 2691 appaiono
1137 2659 1238 2682 come
1263 2649 1276 2681 i
1302 2649 1373 2680 soli
1398 2648 1582 2688 campioni
1611 2647 1672 2679 del
1711 2646 1849 2688 Popolo
1886 2645 2062 2687 Romano,

279 2723 397 2747 ‘come
421 2723 460 2746 se
485 2713 560 2745 alla
583 2712 663 2745 loro
690 2712 791 2744 virtu
818 2711 1018 2743 solamente
1043 2709 1076 2741 si
1101 2709 1254 2741 dovesse
1279 2709 1315 2740 la·
1340 2707 1507 2741 vittoria.

1516 2577 1645 2609 Parae.
1670 2576 1824 2617 xxvn,
1850 2576 1972 2608 61-62.
