2248 3372
1088 39 1110 71 -f
1120 47 1126 49 8

1298 0 1390 29 ,ναι-Ε
1400 0 1475 24 {⁷5¹³
1483 0 1795 29 :mv-QU-WW
1818 22 1833 30 -.

1371 28 1422 47 {¹⁷
1516 36 1525 46 ,ὲ
1563 29 1678 48 ,νγηγῇ
1750 26 1879 50 ,ΚΝ-3.,

287 135 352 169 130
727 156 733 159 -
780 143 820 168 IL
844 143 1048 169 -ι-κΑτἸ-Δτο
1073 142 1203 170 uma
1229 144 1471 171 MORARCHIA

237 310 319 346 iure
348 309 421 346 sibi
451 308 661 347 adsciverit
681 309 828 355 Imperii
848 309 1089 357 dignitatem,
1125 310 1128 339 l
1163 309 1257 354 polo
1276 309 1452 347 Romano
1475 310 1567 347 siasi
1597 313 1784 359 arrogata
1808 313 1846 350 la
1865 312 2014 361 dignita

236 369 344 406 cuius
381 368 534 414 quidem
565 369 824 414 inquisitionis
862 369 1089 415 principium

237 430 300 465 est
327 427 462 464 videre
505 438 606 474 quae
648 428 699 464 sit
740 428 806 465 illa
847 429 1008 471 veritas,
1052 428 1088 464 in
1126 455 1128 468 ff

1126 475 1128 498 ³
1165 469 1242 506 alla
1270 469 1397 515 quale,
1427 480 1537 507 come
1567 482 1591 507 a
1619 472 1776 517 proprio
1814 473 2013 519 principio,

1127 545 1129 551 «
1165 523 1197 559 si
1226 522 1487 560 riconducano
1517 523 1553 560 le
1594 525 1745 572 ragioni
1787 525 1891 563 della
1932 536 2015 572 pre·
2099 569 2102 572 ,

1165 577 1278 612 sente
1307 576 1465 613 ricerca.
1497 575 1672 614 Occorre
1706 579 1826 624 prima
1855 579 1892 616 di
1911 573 2034 630 tutt‘oN
2134 585 2150 595 ³

237 498 351 534 quam
379 487 556 524 rationes
583 487 842 533 inquisitionis
857 487 1089 534 praesentis,

238 546 347 583 velut
375 546 411 582 in
459 546 683 592 principium
726 547 933 593 proprium,
977 546 1091 597 redu·
1127 555 1129 587 3

239 606 386 643 cantur.
408 603 618 642 Sciendum
633 607 696 642 est
706 606 833 653 igitur,
846 606 950 652 qubd
961 616 1091 652 quem·
1127 613 1129 650 l

240 658 446 696 admodum
488 669 554 696 ars
594 659 630 696 in
674 659 810 705 triplici
839 659 965 707 gradu
984 661 1113 703 inve-¹¹

240 718 352 760 nitur,
382 718 419 755 in
449 719 581 765 mente·
607 719 756 755 scilicet
771 718 946 762 artificis,
978 719 1013 755 in
1035 729 1105 771 σι’-Ι

239 782 344 819 gano
374 773 415 808 et
442 772 479 808 in
509 772 671 809 materia
686 771 855 809 formata
871 783 941 818 per
957 775 1121 815 artem„

239 831 295 868 sic
324 832 365 868 et
392 832 568 868 naturam
598 831 634 868 in
664 831 801 877 triplici
840 831 964 879 gradu
1007 843 1094 878 pos-

211 946 214 949 ’
240 950 348 995 primi
378 949 551 991 motoris,
581 950 643 995 qui
682 949 792 987 Deus
821 952 908 993 est;
952 950 1093 987 deinde

240 1009 277 1045 in
307 1009 422 1045 coelo
450 1010 632 1054 tanquam
661 1009 698 1045 in
729 1020 892 1056 organo,
921 1021 1000 1056 quo
1014 1021 1094 1046 me-

241 1068 372 1105 diante
401 1067 610 1104 similitudo
637 1068 824 1106 bonitatis
853 1072 1040 1106 aeternae
1057 1069 1093 1105 in

241 1186 563 1234 quemadmodum
592 1186 771 1233 perfecto
801 1188 997 1225 existente
1034 1199 1093 1225 ar·

242 1245 360 1288 tifice‚
391 1247 507 1293 atque
524 1247 667 1299 optime
684 1258 835 1294 organo
851 1259 895 1284 se
911 1248 1092 1290 habente,

244 1365 430 1402 materiae
459 1367 607 1402 tantum
637 1366 897 1412 imputandum
914 1368 997 1409 est3
1025 1366 1092 1408 sic,

243 1543 394 1579 coelum
424 1544 487 1580 est
517 1563 564 1568 ——
594 1543 736 1580 nullum
757 1543 914 1581 debitae
948 1543 1095 1590 perfec·

243 1602 360 1639 tionis
389 1602 557 1648 patiatur
586 1601 793 1645 defectum,
823 1605 865 1639 ut
893 1603 1016 1640 exiis
1033 1614 1097 1649 pa-

244 1662 301 1698 tet
329 1671 430 1707 quae
460 1660 508 1697 de
539 1662 652 1698 coelo
682 1662 1009 1708 philosophamur,
1035 1673 1095 1699 re-

245 1782 308 1827 est
335 1783 549 1826 peccatum,
579 1790 627 1816 ex
643 1783 753 1826 parte
771 1782 956 1818 materiae
973 1781 1098 1818 subia-

246 1839 371 1886 centis
399 1842 600 1885 peccatum
629 1840 691 1881 sit,
709 1842 749 1876 et
787 1843 944 1886 praeter
973 1842 1097 1877 inten-

249 1899 391 1935 tionem
404 1899 477 1935 Dei
507 1900 724 1936 naturantis
741 1902 782 1936 et
809 1900 922 1944 coeli;
939 1903 979 1936 et
994 1901 1098 1946 quod

248 1958 427 2004 quicquid
456 1960 518 1995 est
546 1958 581 1994 in
611 1959 729 1995 rebus
757 1958 1006 1996 inferioribus
1034 1960 1100 1997 bo·
1134 1946 1137 1996 ἶ

1163 361 1431 408 dell’lmpero.
1462 363 1569 401 Dara
1603 365 1790 411 principio
1833 365 2016 404 all’inda-

1165 416 1255 462 gine
1285 416 1308 452 11
1338 416 1484 453 vedere
1513 418 1628 463 quale
1649 419 1709 455 sia
1731 419 1860 464 quella
1888 420 2014 457 verita

1165 631 1304 666 notare
1334 629 1418 672 che,
1451 640 1561 667 come
1590 629 1702 667 l‘arte
1731 632 1764 668 si
1793 632 1941 670 ritrova
1978 633 2039 675 in}

1128 714 1129 727 ἶ
1165 684 1224 719 tre
1253 682 1382 730 gradis
1407 683 1493 720 cioe
1522 684 1625 720 nella
1654 686 1782 722 mente
1820 685 2014 723 dell’arte·

1165 735 1253 779 tice,
1282 737 1386 773 nello
1415 737 1631 774 strumento
1660 748 1683 774 e
1716 738 1820 775 nella
1852 724 2040 778 materia'.

1166 789 1357 835 plasmata
1385 789 1591 850 coll’arteffi
1607 792 1690 827 cosi
1710 792 1908 837 possiamo
1928 803 2016 829 con·

1129 869 1130 890 2
1166 843 1295 888 cepire
1325 843 1363 879 la
1392 844 1582 879 naturam
1598 844 1748 890 triplice
1763 845 2015 892 gradazione.

241 901 374 927 sumus
393 890 544 926 intueri.
562 890 633 927 Est
647 891 748 927 enim
764 893 903 928 natura
915 892 952 929 in
963 894 1092 928 mente
1129 896 1130 904 ¹

1130 948 1131 991 J
1168 950 1289 995 primo
1310 951 1474 992 motore‚
1494 950 1565 986 che
1582 952 1605 987 ὲ
1620 949 1709 994 Dio;
1738 945 1801 997 poi
1821 952 1884 989 nel
1901 951 2016 993 Cielo

1166 895 1293 933 Infatti
1323 897 1361 932 la
1403 898 1541 933 natura
1570 898 1593 933 e
1634 898 1739 934 nella
1781 901 1909 936 mente
1952 898 2015 936 del

1167 1003 1238 1039 che
1269 1004 1291 1039 ὲ
1320 1003 1431 1048 quasi
1460 1003 1498 1039 lo
1527 1005 1743 1041 strumento
1770 1015 1841 1050 per
1882 1016 2015 1043 mezzo

1130 1054 1131 1059 ’
1168 1055 1231 1092 (181
1260 1056 1375 1102 quale
1405 1055 1624 1102 s’imprime
1653 1056 1897 1105 l'immagine
1939 1058 2018 1096 del-

241 1127 457 1164 fluitantem
514 1128 712 1164 materiam
764 1128 989 1175 explicatur·
1047 1129 1095 1165 Et
1130 1120 1132 1143 z
1168 1108 1333 1146 l'eterna
1361 1110 1482 1146 bonta
1511 1110 1614 1146 nella
1630 1110 1771 1148 mobile
1791 1112 1964 1149 materia.
1986 1111 2018 1148 E
2082 1111 2084 1114 ’

1131 1170 1132 1173 ’
1168 1173 1278 1199 come
1309 1164 1331 1199 8
1361 1162 1410 1199 da
1438 1163 1627 1209 imputare
1645 1164 1682 1200 la
1710 1164 1824 1210 colpa
1843 1165 2016 1202 soltanto

1169 1216 1246 1252 alla
1263 1217 1435 1258 materia,
1465 1227 1509 1253 se
1539 1215 1610 1253 v'e
1639 1216 1779 1254 difetto
1807 1218 1911 1255 nella
1941 1217 2019 1256 for·
2062 1215 2064 1218 ’

266 1306 273 1313 ,
398 1305 405 1312 ,
766 1307 773 1314 ,
1050 1307 1056 1313 ,
1130 1290 1132 1312 ;
1169 1280 1230 1306 ma
1258 1268 1347 1305 dell'
1365 1271 1463 1311 arte,
1511 1270 1667 1315 quando
1713 1270 1738 1307 l‘
1754 1270 1916 1308 artefice
1959 1271 2018 1308 sia

243 1317 274 1343 3¹
303 1307 505 1352 confingat
533 1308 734 1351 peccatum
763 1317 800 1343 ¹¹¹
829 1306 955 1344 forma
984 1310 1092 1350 3¹¹¹&
1129 1318 1133 1369 ff
1168 1321 1341 1368 perfetto
1371 1333 1392 1358 e
1409 1323 1448 1359 lo
1464 1324 1679 1359 strumento
1696 1324 1730 1360 si
1752 1319 1853 1361 tr5vi
1874 1325 1935 1361 nel
1957 1325 2020 1362 mi·

1130 1410 1132 1425 J
1167 1376 1292 1422 gliore
1303 1377 1421 1418 stato,
1434 1377 1515 1412 cosi
1532 1376 1724 1421 toccando
1741 1377 1817 1413 Dio
1829 1378 1851 1413 il
1869 1388 2018 1415 sommo

243 1434 358 1470 quum
387 1423 497 1461 Deus
530 1425 699 1462 ultimum
742 1424 995 1470 perfectionis
1037 1427 1094 1461 at·
1131 1457 1132 1464 ,

244 1484 380 1530 tingat,
410 1486 451 1519 et
479 1483 772 1520 instrumentum
801 1485 887 1521 eius
908 1506 957 1511 —-
990 1485 1094 1530 quod
1131 1497 1132 1502 ¹

1131 1537 1132 1540 ’
1169 1534 1272 1572 della
1287 1535 1417 1582 giusta
1437 1534 1674 1581 perfezione‚
1689 1546 1800 1573 come
1819 1537 1852 1573 si
1867 1536 2018 1573 deduce

1131 1589 1133 1632 j
1169 1588 1219 1625 da
1235 1589 1366 1634 quello
1381 1588 1453 1625 che
1468 1589 1501 1625 si
1518 1589 1681 1635 ragiona
1699 1589 1758 1625 sul
1779 1589 1891 1631 cielo,
1911 1590 2020 1626 resta

1168 1428 1272 1466 della
1287 1428 1512 1474 perfezione
1535 1440 1558 1465 e
1582 1439 1658 1466 non
1670 1429 1875 1467 soffrendo
1890 1431 1914 1466 il
1943 1441 2017 1467 suo

1168 1484 1383 1519 strumento
1398 1502 1411 1509 -
1425 1483 1496 1519 che
1512 1484 1534 1518 e
1550 1483 1574 1518 il
1587 1481 1700 1519 Cielo
1714 1503 1728 1510 -
1741 1483 1852 1519 alcun
1877 1482 2017 1520 difetto

1170 1642 1240 1679 che
1251 1644 1397 1687 quanto
1406 1643 1429 1678 8
1438 1640 1626 1679 difettoso
1637 1642 1740 1678 nelle
1751 1652 1845 1679 cose
1855 1642 1893 1679 di
1903 1652 2021 1689 quag-

244 1722 324 1757 stat
339 1720 443 1766 quod
463 1721 641 1766 quicquid
657 1721 693 1757 in
714 1722 832 1758 rebus
848 1721 1097 1759 inferioribus
1132 1716 1134 1739 ²
1170 1695 1248 1742 gffi'
1265 1696 1302 1732 ¹⁰
1319 1695 1376 1732 Sia
1393 1704 1462 1740 per
1477 1696 1588 1740 parte
1600 1694 1703 1732 dena
1714 1695 1875 1732 materia
1895 1698 2020 1732 sotto*

1170 1750 1300 1786 stante
1329 1759 1351 1784 e
1381 1747 1588 1786 all'infuori
1622 1747 1712 1785 dell’
1728 1748 1949 1785 intenzione
1982 1748 2019 1785 di

1172 1801 1247 1838 Dio
1277 1813 1299 1838 e
1329 1801 1391 1838 del
1422 1800 1563 1844 Cielo;
1607 1812 1629 1838 e
1676 1804 1823 1848 quanto
1863 1801 1940 1838 v‘e
1982 1801 2020 1838 di

1170 1855 1271 1891 bene
1301 1855 1403 1891 nelle
1433 1865 1526 1891 cose
1556 1854 1592 1890 di
1622 1855 1794 1902 quaggia
1835 1865 1913 1891 non
1956 1865 2022 1900 po-

1171 1907 1291 1944 tendo
1321 1907 1500 1944 derivare
1529 1907 1632 1944 dalla
1674 1907 1836 1943 materia
1876 1910 2019 1949 stessa,

1172 1962 1242 1997 che
1290 1961 1421 2007 esistel
1453 1961 1541 1997 solo
1583 1960 1619 1996 in
1662 1962 1842 2006 potenza,
1885 1959 2020 1996 deriva

345 2173 384 2206 ΙΙ.
410 2169 631 2208 Sciendum
655 2170 723 2208 esl‘
743 2170 864 2217 1'917111·
884 2171 957 2209 efc.
985 2175 1100 2209 conv,
1129 2175 1157 2214 1,
1186 2177 1226 2206 11
1258 2174 1399 2208 «Molti
1425 2184 1513 2207 sono
1538 2175 1605 2207 ohe
1631 2184 1760 2206 amano
1786 2174 1852 2215 pini
1868 2172 2022 2206 d'essere

242 2233 366 2265 tenuti
394 2233 542 2265 maeshri
567 2233 633 2265 ohe
659 2233 825 2275 d’essere,
854 2244 873 2265 8
898 2244 962 2274 per
987 2233 1134 2275 fuggire
1161 2234 1195 2265 lo
1222 2235 1417 2272 eontrar'm,
1443 2235 1522 2266 8108
1547 2234 1584 2266 di
1629 2243 1701 2265 non
1738 2243 1856 2266 essere
1893 2234 2023 2272 tenuti,

247 2301 387 2332 sempre
401 2292 520 2324 dauno
545 2293 651 2332 oolpa
662 2293 737 2324 alla.
763 2293 915 2336 materia
939 2293 1106 2325 dell'arfie
1131 2294 1425 2335 appareoohiata,
1452 2303 1589 2326 ovvero
1614 2293 1689 2325 allo
1715 2293 1938 2325 strumento:
1955 2292 2024 2324 818-

248 2360 347 2382 oome
373 2351 402 2382 il
428 2350 500 2382 mal
526 2351 652 2383 tabbro
678 2351 833 2383 blasima
859 2351 886 2383 il
912 2352 1008 2383 ferro
1033 2354 1295 2392 appresentato
1323 2363 1344 2384 a
1369 2352 1436 2394 lui,
1465 2363 1483 2384 e
1509 2353 1537 2384 il
1564 2353 1635 2383 mal
1671 2352 1839 2383 citarista
1869 2344 2024 2382 biasima

248 2410 285 2442 la
310 2410 439 2452 citata,
467 2410 644 2441 credendo
670 2411 755 2442 dare
782 2411 817 2442 la.
843 2411 948 2451 oolpa
974 2411 1032 2442 del
1060 2411 1132 2443 mal
1159 2411 1308 2443 ooltello
1334 2422 1353 2443 8
1379 2412 1437 2443 (181
1465 2412 1537 2443 mal
1564 2420 1692 2443 sonare
1718 2411 1754 2442 al
1786 2410 1881 2442 ferro
1906 2419 1925 2441 o
1950 2409 2025 2442 alla

250 2469 367 2502 citata·
391 2479 411 2500 8
435 2469 575 2501 levarla
600 2479 622 2500 a
646 2471 683 2500 88
711 2480 745 2504 ».
773 2469 847 2502 Csr.
873 2470 944 2502 Int.
969 2470 1033 2510 XI,
1061 2470 1127 2502 103
1154 2479 1234 2511 sgg.
1262 2480 1281 2501 e
1307 2471 1437 2504 Parad.
1465 2469 1569 2511 XIII,
1594 2468 1639 2504 67
1665 2479 1771 2511 sgg.:

631 2540 684 2571 La
708 2549 790 2571 cera
814 2540 853 2571 di
879 2542 1022 2572 eostoro
1047 2550 1067 2572 8
1091 2540 1152 2572 8111
1180 2540 1216 2572 la
1241 2540 1345 2580 duce,

635 2637 643 2646 .
677 2598 758 2631 Non
784 2600 841 2631 sta
865 2599 952 2631 d'un
978 2599 1096 2641 modo,
1124 2609 1143 2631 8
1169 2601 1255 2640 pero
1281 2602 1377 2632 sotto
1405 2600 1430 2631 il
1452 2595 1570 2641 ‘segno

681 2658 800 2690 Ideale
824 2659 887 2698 poi
912 2659 977 2699 pih
1004 2668 1023 2694 8
1047 2668 1130 2691 men
1156 2659 1308 2691 traluoe.

345 2738 473 2776 restat
495 2737 609 2784 quod
629 2737 825 2785 quicquid
845 2738 885 2779 l'n
912 2737 1035 2776 rebus
1060 2737 1321 2781 [ufer-loribus
1348 2739 1424 2778 etc.

635 2812 727 2845 Vero
753 2813 772 2844 ὸ
797 2812 864 2844 ohe
888 2822 988 2845 come
1014 2811 1131 2844 forma
1156 2822 1228 2845 non
1255 2813 1441 2846 s'aooorda

682 2871 795 2903 Molte
820 2871 907 2903 flate
933 2871 995 2903 all’
1011 2871 1220 2904 intenzione
1246 2871 1426 2911 dell’arte,

683 2929 845 2968 Peroh'a
870 2931 1065 2971 risponder
1090 2931 1126 2963 la
1152 2931 1306 2963 materia
1331 2932 1351 2963 8
1377 2932 1495 2971 eorda,

1562 2989 1693 3027 Pax-ad.
1721 2989 1749 3030 1,
1766 2989 1934 3026 127-129‚
