2248 3372
254 152 324 200 212

205 339 345 376 dedisti
375 341 462 376 mihi
491 343 534 377 ut
561 339 701 378 faciam
730 357 748 374 »
772 352 781 385 3
811 343 1057 380 manifestum

206 407 279 447 est,
309 405 413 451 quod
443 406 478 442 ei
507 408 647 442 natura
676 407 803 454 legem
831 418 909 445 non
939 409 1058 446 dedit.

206 469 287 507 Sed
316 481 388 507 nec
418 481 488 516 per
516 470 709 514 divinam;
739 473 862 510 omnis
891 471 1058 519 namque

205 536 334 572 divina
387 536 450 572 lex
504 536 666 573 duorum
717 537 1056 576 Testamentorum

203 601 352 648 gremio
399 602 630 644 continetur,
675 603 711 638 in
770 613 847 648 quo
904 604 1056 649 quidem

203 667 351 714 gremio
381 667 554 712 reperire
587 678 665 704 non
709 678 868 714 possum
911 671 1059 714 tempo-

202 731 336 768 ralium
356 732 652 774 sollicitudinem
673 733 758 769 sive
780 744 909 770 curam
930 744 1060 770 sacer-

203 796 312 833 dotio
351 797 473 842 primo
502 798 565 834 vel
597 798 822 834 novissimo
870 809 1059 835 commen-

201 861 331 912 datam
359 861 496 898 fuisse.
540 861 643 907 Quin
673 863 748 899 imo
792 863 963 905 invenio,
994 874 1057 900 sa-

201 926 385 965 cerdotes
414 927 558 973 primos
587 928 637 964 ab
667 928 731 977 illa
760 928 809 964 de
840 931 1054 974 praecepto

199 993 386 1034 remotos,
417 994 459 1028 ut
487 994 597 1037 patet
626 1003 695 1038 per
725 1003 773 1028 ea
803 1003 903 1038 quae
942 993 1051 1030 Deus

201 1056 250 1093 ad
270 1056 461 1104 Moysen;
493 1059 533 1093 et
551 1058 782 1094 sacerdotes
807 1059 1054 1101 novissimos,

201 1131 271 1166 per
301 1132 349 1158 ea
377 1132 478 1168 quae
509 1122 688 1159 Christus
727 1122 776 1158 ad
814 1123 1056 1169 discipulos:

200 1190 313 1225 quam
355 1181 507 1227 quidem
551 1182 600 1218 ab
644 1182 702 1218 eis
745 1193 835 1218 esse
864 1184 1052 1219 remotam

200 1245 387 1292 possibile
415 1256 494 1282 non
526 1248 646 1289 esset,
677 1247 709 1282 si
739 1247 936 1293 regiminis
965 1250 1057 1284 tem—

198 1312 344 1357 poralis
373 1311 589 1348 auctoritas
619 1322 642 1347 a
671 1311 896 1349 sacerdotio
926 1313 1055 1350 dema-

197 1379 334 1420 naret3
378 1387 461 1413 cum
508 1377 647 1413 saitem
691 1377 726 1412 in
770 1378 1052 1415 auctorizando

197 1441 419 1478 sollicitudo
475 1442 713 1487 provisionis
770 1442 957 1485 instaret,
1016 1446 1056 1479 et

196 1500 337 1537 deinde
367 1501 522 1537 cautela
564 1501 759 1542 continua,
795 1512 844 1537 ne
888 1503 1054 1538 auctori-

194 1567 306 1602 zatus
337 1576 360 1602 a
389 1566 542 1602 tramite
575 1566 818 1603 rectitudinis
861 1567 1051 1604 deviaret.

197 1629 315 1676 Quod
345 1633 475 1667 autem
505 1641 528 1667 a
556 1642 601 1667 se
644 1642 721 1668 non
766 1633 971 1678 receperit,
1004 1632 1054 1669 de

194 1694 297 1732 facili
318 1698 439 1740 patet.
459 1695 558 1732 Nihil
581 1699 643 1732 est
663 1696 767 1741 quod
788 1696 882 1733 dare
913 1698 1051 1742 possit,

195 1760 299 1810 quod
341 1770 418 1796 non
461 1761 591 1802 habet,
636 1760 738 1797 unde
782 1772 895 1798 omne
927 1753 1052 1809 agens

195 1824 348 1870 aliquid,
379 1827 469 1860 actu
499 1835 590 1861 esse
619 1826 698 1861 tale
733 1828 903 1871 oportet,
936 1827 1050 1872 quale

195 1893 314 1930 agere
344 1883 531 1926 intendit;
563 1886 603 1919 ut
632 1884 797 1920 habetur
817 1885 853 1920 in
871 1885 927 1926 iis,
945 1895 1046 1930 quae

195 1949 257 1984 De
275 1948 502 1994 simpliciter
519 1950 630 1985 Ente.
651 1947 732 1985 Sed
753 1951 924 1992 constat,
945 1949 1050 1995 quod

195 2008 227 2044 si
258 2007 435 2044 Ecclesia
463 2007 535 2044 sibi
578 2007 685 2044 dedit
714 2008 814 2044 illam
858 2009 1054 2050 virtutem,

194 2082 271 2109 non
301 2073 474 2109 habebat
503 2073 603 2109 illam
648 2073 870 2119 priusquam
914 2073 1053 2116 daret;

194 2140 234 2174 et
261 2138 317 2174 sic
346 2138 522 2174 dedisset
542 2139 614 2174 sibi
635 2138 739 2184 quod
760 2149 837 2197 non
859 2139 1054 2175 habebat:

194 2202 298 2248 quod
329 2205 390 2239 est
419 2203 671 2248 impossibile.
702 2203 820 2248 Quod
863 2214 960 2240 vero
1004 2204 1053 2240 ab

752 178 793 202 11.
817 178 1021 203 TRATTATO
1045 179 1178 204 DELLA
1202 180 1444 206 MONARCHIA

1133 343 1204 379 che
1234 343 1361 380 disse:
1399 360 1417 377 «
1436 344 1566 391 Sopra
1594 350 1738 392 questa
1759 346 1891 393 pietro
1910 347 2000 384 edi-.

1127 396 1278 442 floheri)
1293 398 1334 434 la
1348 398 1430 435 mia
1447 398 1632 442 Chiesa»,
1647 399 1697 435 ed
1711 400 1876 436 altrove:
1904 401 1986 443 «lio
2010 432 2015 434 .

1133 450 1328 496 compiuto
1370 451 1395 487 Γ
1407 461 1528 497 opera
1570 453 1645 489 elie
1689 456 1730 489 tu
1776 453 1834 489 mi
1874 454 1991 491 avevi

1132 507 1350 550 assegnato
1379 519 1416 547 »,
1447 506 1469 540 ὲ
1498 505 1629 542 chiaro
1659 506 1730 542 che
1770 506 1808 542 la
1835 504 1986 543 Natura

1132 566 1209 593 non
1241 557 1276 592 le
1305 557 1355 593 ha
1384 557 1478 594 dato
1509 558 1648 594 alcuna
1686 559 1814 606 legge.
1845 558 1878 595 E
1905 569 1982 596 non

1132 610 1169 645 13
1198 612 1360 646 ottenne
1389 621 1565 656 neppure
1597 622 1667 656 per
1696 612 1812 659 legge
1841 611 1983 655 divina,

1133 663 1275 708 perche
1305 664 1397 710 ogni
1427 665 1542 711 legge
1572 664 1702 700 divina
1721 666 1744 700 e
1773 667 1985 716 contenuta

1133 716 1168 751 in
1197 726 1296 752 seno
1328 717 1363 752 ai
1394 716 1470 753 due
1499 717 1752 760 Testamenti,
1773 717 1875 757 edin
1895 728 1986 764 que-

1131 769 1180 804 sti
1210 779 1287 805 non
1316 769 1446 806 riesco
1475 780 1498 806 a
1527 772 1687 807 trovare
1708 771 1778 807 che
1798 771 1859 807 sia
1877 773 1983 808 stata
2002 775 2011 779 ‘
2071 774 2075 775 ⁷

1132 820 1295 858 affidata
1325 823 1362 858 la
1390 823 1661 859 sollecitudine
1690 835 1715 860 o
1745 824 1782 859 la
1807 834 1900 860 cura
1918 824 1982 861 dei

1131 875 1219 910 beni
1248 876 1453 920 temporali
1483 876 1519 912 al
1547 876 1780 914 sacerdozio
1810 877 1939 914 antico
1959 887 1982 914 e
2010 873 2012 875 ’

1131 927 1344 972 modern03
1375 929 1460 964 anzi
1488 931 1605 965 trovo
1635 930 1706 966 che
1736 930 1746 966 i
1775 930 1883 975 primi
1919 941 1982 967 sa-

1131 980 1279 1017 cerdoti
1307 980 1449 1018 furono
1479 992 1548 1027 per
1568 984 1746 1027 precetto
1764 982 1917 1020 rimossi
1932 983 1983 1020 da

1130 1036 1270 1079 questa
1299 1045 1403 1076 cura,
1433 1045 1544 1071 come
1564 1035 1597 1071 si
1617 1045 1760 1082 scorge
1779 1035 1831 1071 da
1849 1036 1981 1081 queno

1131 1087 1201 1122 che
1232 1087 1309 1124 Dio
1339 1088 1552 1133 prescrisse
1582 1098 1605 1124 a
1647 1088 1857 1130 Mose‚‘ed
1885 1088 1896 1124 i
1923 1099 1984 1126 se·
2019 1122 2021 1124 .

1131 1140 1245 1176 condi
1275 1140 1303 1186 (i
1334 1141 1521 1187 cristiani)
1551 1141 1601 1177 da
1629 1142 1760 1187 quello
1795 1141 1866 1178 che
1897 1140 1982 1178 Cri-

1130 1196 1194 1229 sto
1224 1194 1439 1238 prescrisse
1470 1194 1506 1230 ai
1535 1194 1736 1240 discepoli.
1767 1194 1799 1230 E
1826 1205 1904 1231 non
1923 1205 1984 1232 sa-

1131 1247 1251 1282 rebbe
1280 1250 1386 1284 stato
1416 1247 1602 1292 possibile
1645 1247 1890 1284 allontanarli
1932 1247 1982 1285 da

1131 1302 1271 1344 questa
1301 1310 1405 1342 cura,
1426 1311 1471 1337 se
1492 1300 1515 1336 l'
1532 1301 1701 1337 autorita
1720 1300 1783 1337 del
1803 1311 1982 1348 governo

1130 1354 1347 1398 temporale
1386 1353 1589 1399 derivasse
1632 1354 1694 1390 dal
1718 1353 1980 1399 Vsacerdozim

1131 1405 1350 1443 dovendoci
1381 1417 1516 1443 essere
1548 1405 1637 1443 nell'
1654 1407 1897 1444 autorizzare
1926 1407 1981 1444 31-

1131 1469 1244 1496 meno
1274 1469 1351 1495 una
1378 1459 1649 1496 sollecitudine
1679 1460 1715 1496 di
1745 1459 1980 1506 previdenza

1131 1522 1153 1547 e
1183 1513 1247 1557 poi
1281 1523 1357 1549 una
1391 1513 1574 1549 continua
1592 1513 1876 1560 sorveglianza‚
1893 1523 1980 1559 per-

1132 1566 1202 1601 che
1250 1565 1525 1602 l'autorizzato
1563 1576 1640 1602 non
1683 1566 1834 1603 uscisse
1876 1566 1980 1603 dalla

1131 1619 1194 1654 via
1223 1619 1327 1655 delia
1355 1619 1591 1655 rettitudine.
1614 1618 1700 1656 Che
1728 1629 1806 1656 non
1837 1618 1979 1656 i'abbia

1131 1672 1307 1708 ricevuto
1323 1672 1373 1708 da
1383 1674 1440 1714 se,
1451 1671 1715 1709 facilmentesi
1732 1671 1979 1718 comprende.

1130 1724 1217 1761 Non
1247 1725 1279 1762 si
1309 1727 1386 1770 pub
1416 1725 1510 1761 dare
1541 1725 1601 1762 cii)
1636 1726 1706 1762 che
1735 1730 1813 1762 non
1842 1725 1875 1762 si
1903 1725 1978 1769 ha;
2045 1735 2047 1737 ’
2099 1766 2110 1773 ,

1131 1778 1232 1814 onde
1263 1789 1421 1825 ognuno
1452 1779 1522 1814 che
1550 1777 1676 1816 faccia
1690 1788 1767 1814 una
1782 1789 1878 1815 cosa
1892 1788 1981 1815 con-

1129 1832 1243 1867 viene
1274 1832 1345 1868 che
1374 1832 1410 1867 in
1454 1833 1537 1868 atto
1575 1829 1651 1868 sia*
1677 1831 1768 1872 tale,
1790 1831 1922 1877 quale
1955 1832 1979 1868 ὲ

1130 1883 1320 1921 nella'sua
1336 1885 1498 1921 volonta
1518 1884 1555 1921 di
1574 1883 1686 1928 fare;
1715 1895 1826 1921 come
1854 1885 1887 1920 si
1915 1894 1981 1930 ap·

1130 1937 1276 1983 prende
1332 1938 1435 1973 dalla
1491 1937 1726 1974 Metafisica.
1769 1935 1978 1974 Senonehe

1130 1994 1268 2027 consta
1297 1991 1366 2027 che
1397 1991 1433 2026 la
1464 1989 1620 2031 Chiesa‚
1650 2001 1694 2027 se
1737 1989 1852 2026 diede
1881 2000 1905 2026 a
1932 1991 1977 2034 se

1129 2045 1258 2089 quella
1299 2044 1412 2085 virtu,
1455 2054 1532 2080 non
1577 2043 1599 2079 1’
1616 2054 1744 2079 aveva
1786 2040 1977 2088 prima⁸di

1129 2097 1250 2138 daria,
1263 2097 1311 2133 ed
1327 2097 1362 2132 in
1380 2097 1433 2133 tal
1456 2096 1573 2134 modo
1589 2097 1764 2133 avrebbe
1784 2095 1878 2141 clato
1894 2106 1918 2132 a
1931 2097 1998 2132 se-

1129 2151 1258 2196 quello
1298 2151 1367 2186 che
1405 2161 1483 2186 non
1522 2159 1672 2186 aveva:
1703 2150 1726 2185 11
1765 2149 1835 2186 che
1865 2150 1887 2185 ὲ
1910 2149 1979 2185 1111·

1130 2204 1328 2249 possibile,

291 2481 478 2528 Qm'm‘mo
502 2482 722 2520 inventa...

751 2486 901 2518 Numeri
919 2484 1058 2527 XVIII,
1078 2486 1134 2518 20.
1159 2486 1337 2526 Dixitque
1363 2485 1546 2517 Dominus
1572 2485 1620 2517 ad
1646 2485 1765 2516 Aaron
1783 2467 1807 2518 ε>
1824 2484 1862 2515 [11
1878 2485 1976 2516 terra

194 2541 318 2564 eorum
343 2533 442 2564 nihil
465 2533 718 2574 possidebitis,
746 2542 813 2565 neo
838 2533 1024 2566 habebitis
1049 2536 1190 2573 partem
1217 2534 1314 2565 inter
1339 2542 1414 2564 eos.
1444 2533 1523 2573 Ego
1538 2542 1624 2572 pars
1643 2534 1679 2564 et
1698 2531 1882 2564 hereditas
1909 2534 1976 2564 tua

194 2579 234 2610 in
259 2580 379 2612 medio
405 2580 570 2612 filiorum
596 2580 724 2614 Israel.
753 2580 830 2613 Ost,
859 2577 972 2622 Purg.
1002 2578 1103 2622 XVI,
1133 2581 1215 2612 131.

694 2639 751 2670 Ed
776 2648 817 2670 or
841 2639 1008 2672 discerno
1031 2639 1164 2679 perche
1189 2639 1251 2671 dal
1275 2638 1444 2680 retaggio

741 2686 786 2717 Li
812 2686 893 2727 figli
918 2687 958 2718 di
983 2686 1075 2718 Levi
1099 2686 1231 2718 turono
1256 2687 1386 2718 esenti.

289 2740 474 2778 Christus
499 2740 556 2778 ad
576 2711 818 2788 discipulos.
843 2745 976 2778 Matth.
994 2745 1063 2778 Ev.
1090 2743 1136 2787 X,
1166 2745 1200 2779 9.

289 2799 332 2836 m‘
353 2799 524 2838 habetur
544 2800 585 2838 1‘n
611 2800 666 2838 Ῐὶε
690 2811 795 2847 quae
819 2800 871 2838 de
894 2800 1135 2846 amplia-iter
1155 2800 1269 2839 Ente
1298 2801 1656 2845 Metaphys.1X,8
1682 2802 1782 2846 (leot.
1809 2802 1863 2842 7⁸)
1882 2801 1973 2844 (³⁰¹³-

192 2849 349 2888 transL).
379 2849 526 2890 Semper
550 2851 648 2882 enim
674 2860 720 2883 ex
744 2853 927 2891 potestate
952 2854 1048 2891 ente,
1077 2852 1119 2883 fit
1145 2854 1230 2883 actu
1256 2861 1320 2883 ens
1358 2851 1404 2883 ab
1441 2852 1527 2882 aotu
1566 2852 1664 2892 ente,
1706 2851 1747 2882 ut
1783 2849 1892 2881 homo
1927 2858 1973 2880 ex

192 2895 354 2938 homine,
382 2898 544 2929 musicus
569 2907 614 2929 ex
639 2897 795 2940 inusioo,
824 2908 965 2939 semper
989 2900 1159 2931 movente
1183 2899 1310 2939 aliquo
1322 2899 1455 2939 primo.
1474 2898 1628 2930 Movens
1646 2899 1768 2929 autem
1793 2898 1880 2935 antu
1898 2895 1972 2929 iam

192 2944 260 2976 est.
289 2944 438 2976 Dictum
464 2946 519 2976 est
545 2942 667 2977 antem
693 2946 733 2977 in
758 2946 986 2978 sermonibus
1011 2946 1056 2978 de
1094 2946 1313 2984 substantia,
1351 2946 1438 2986 quia
1476 2954 1583 2978 omne
1621 2944 1718 2985 quod
1755 2943 1811 2986 fit,
1846 2943 1890 2976 fit
1926 2951 1972 2975 ex

192 2989 319 3031 aliquo
344 2993 380 3023 et
405 2992 450 3023 ab
475 2992 601 3033 aliquo
625 2994 663 3024 et
688 2993 757 3024 1100
782 2993 903 3034 speeie
929 2993 1040 3025 idem.

287 3046 531 3085 solleclffudo
552 3047 817 3093 ρνουίεῘοηῘε,
844 3053 923 3083 oioe
948 3052 986 3084 la
1011 3051 1145 3083 Ohiesa.
1170 3051 1326 3083 avrebbe
1351 3050 1490 3083 dovuto
1517 3049 1617 3082 darsi
1642 3059 1731 3081 eura
1770 3048 1904 3090 perche
1940 3047 1970 3080 il

193 3095 259 3135 piti
283 3098 403 3138 degne
428 3098 608 3130 r-ioevesse
634 3097 824 3130 l’autorita
849 3099 1055 3139 imperiale.
