2248 3372
290 83 356 116 150

773 94 815 118 IL
838 93 1042 119 TRATTATO
1066 93 1198 119 BELLA
1223 93 1464 120 XONARCHIA

246 166 2017 185 WWmemvmm—fflmy

240 266 337 302 gere
365 267 442 293 non
472 259 605 302 potest
633 268 702 303 per
730 254 1090 301 unum‘hominem‚

241 325 355 360 quum
384 315 527 352 multae
556 317 633 353 sint
661 317 914 362 operationes
956 328 1092 354 neces-

241 374 370 411 sariae
399 374 448 410 ad
495 375 630 421 ipsum,
672 387 772 421 quae
815 376 1093 413 multitudinem

241 429 440 478 requirunt
467 434 503 470 in
534 435 798 480 operantibus,
837 446 1002 472 necesse
1032 437 1094 471 est

241 493 416 528 naturam
446 493 663 538 producere
692 494 884 531 hominum
932 494 1095 530 multitu-

199 572 202 574 *
242 551 368 587 dinem
398 551 446 587 ad
476 551 655 589 diversas
696 554 949 599 operationes
992 553 1094 590 ordi-

242 611 445 646 natorum:
476 611 525 647 ad
553 611 657 657 quod
686 613 843 649 multum
875 612 1094 655 conferunt,

242 670 400 714 praeter
427 670 668 716 superiorem
708 671 950 708 influentiam
987 672 1094 708 loco-

242 738 325 764 rum
354 727 576 766 inferiorum
618 730 783 767 virtutes
813 733 853 766 et
881 730 1093 781 proprieta-

243 795 317 829 tes.
347 792 514 839 Propter
541 794 645 840 quod
674 795 862 837 videmus,
892 795 996 841 quod
1017 796 1095 841 qui-

220 845 331 882 vdam
360 856 437 883 non
479 847 604 884 solum
646 848 866 895 singulares
907 849 1094 891 homines,

242 905 332 950 quin
362 905 477 941 etiam
506 907 649 951 populi,
679 907 757 952 apti
787 907 867 943 nati
910 909 1000 944 sunt
1043 907 1094 943 ad

243 958 459 1003 principari,
479 959 632 1004 quidam
649 960 698 996 ad
714 961 834 997 subici
852 962 969 1006 atque
986 961 1091 997 mini-

245 1018 383 1060 strare;
399 1019 441 1054 ut
451 1017 711 1064 Philosophus
726 1019 865 1055 astruit
880 1020 916 1055 in
933 1019 979 1055 iis
995 1029 1096 1065 quae

245 1071 295 1107 de
310 1070 504 1114 Politieis:
517 1075 558 1107 et
572 1072 726 1113 talibus,
743 1074 784 1108 ut
799 1073 883 1118 ipse
900 1072 1002 1115 dicit,
1019 1083 1096 1109 non

246 1131 370 1167 solum
399 1130 482 1177 regi
503 1132 565 1167 est
593 1131 822 1176 expediens,
860 1132 932 1168 sed
966 1135 1007 1168 et
1047 1132 1110 1168 iu·-

246 1197 359 1238 stum,
388 1195 538 1232 etiamsi
568 1196 617 1232 ad
645 1197 718 1233 hoc
747 1199 950 1244 cogantur.
982 1196 1096 1242 Quae

247 1252 279 1288 si
308 1253 363 1289 ita
390 1265 434 1290 se
463 1255 619 1297 habent,
636 1266 712 1292 non
742 1256 897 1293 dubium
917 1258 991 1298 est,
1007 1256 1096 1302 quin

247 1310 387 1355 natura
414 1319 539 1356 locum
582 1322 622 1356 et
663 1322 821 1367 gentem
858 1321 1097 1366 disposuerit

246 1377 283 1413 in
314 1378 456 1414 mundo
485 1378 534 1415 ad
572 1380 843 1416 universaliter
886 1381 1099 1426 principan-

248 1430 356 1466 dum:
399 1432 512 1468 aliter
540 1433 611 1469 sibi
646 1432 871 1476 defecisset,
901 1433 1006 1479 quod
1035 1436 1098 1470 est

247 1489 496 1534 impossibile.
541 1490 641 1536 Quis
669 1493 799 1528 autem
827 1491 945 1528 fuerit
988 1493 1098 1529 locus

248 1545 288 1579 et
316 1554 417 1588 quae
445 1554 556 1590 gens⁷
585 1555 655 1590 per
688 1544 791 1581 dicta
837 1545 1016 1591 superius
1059 1547 1100 1581 et

248 1612 319 1647 per
333 1602 497 1639 dicenda
525 1602 686 1640 inferius
715 1604 812 1640 satis
846 1607 908 1640 est
937 1595 1097 1640 manife·
1138 1633 1139 1641 ,

246 1668 348 1703 stum
377 1667 480 1713 quod
508 1667 626 1704 fuerit
642 1669 765 1705 Roma
794 1670 835 1705 et
861 1669 971 1705 cives
1001 1669 1098 1711 eius,

249 1792 332 1828 ster
364 1791 479 1828 valde
509 1792 701 1828 subtiliter
728 1793 764 1829 in
803 1796 917 1829 sexto
960 1793 1100 1840 tetigit,

250 1849 501 1887 introducens
542 1850 735 1888 Anchisen
783 1853 1100 1897 praemonentem

252 1902 437 1946 Aeneam,
469 1904 728 1940 Romanorum
757 1907 918 1950 patrem,
949 1905 1029 1942 sic:

254 1988 413 2016 Excudent
432 1989 485 2017 alii
505 1989 658 2030 spirantia
679 1990 805 2017 mollius
825 1998 907 2019 ¹iera

253 2033 303 2051 cn
305 2024 345 2052 do
364 2025 517 2059 equidem:
537 2034 554 2052 v
560 2035 587 2052 lv
591 2034 626 2052 os
645 2025 757 2053 ducent
771 2025 809 2053 de
823 2034 888 2053 mal
891 2034 973 2053 more
987 2035 1003 2052 x
1009 2026 1102 2053 ultus.

1169 246 1235 294 sce
1247 268 1401 303 sempre
1430 268 1503 295 con
1519 269 1568 294 un
1584 257 1675 294 fine.
1693 257 1725 294 Ε
1739 258 1877 304 poiche
1893 258 1930 295 la
1948 269 2015 295 na-
2041 238 2043 241 Α

1166 312 1253 347 tura
1281 321 1358 348 non
1387 313 1464 357 pub
1498 313 1656 348 toccare
1676 313 1818 357 questo
1837 310 1918 348 fine
1946 321 2017 357 per
2057 311 2065 323 Χ

1166 374 1300 400 mezzo
1329 363 1365 400 di
1395 375 1444 401 un
1474 364 1534 401 sol
1564 375 1692 404 uomo‚
1741 363 1912 402 essendo
1953 374 2018 405 ne·

1167 417 1342 454 cessario
1389 428 1459 463 per
1514 414 1655 463 questo
1702 418 1821 454 molte
1883 427 2018 463 opera-

1167 470 1268 507 zioni
1297 470 1368 507 che
1403 470 1628 507 richiedono
1662 481 1738 507 una
1776 470 2016 507 moltitudine

1168 523 1204 559 di
1235 524 1446 568 operatori,
1463 523 1502 560 fa
1532 523 1663 569 duopo
1693 524 1763 560 che
1806 524 1844 560 la
1863 523 2018 563 nattsrh

1168 576 1341 622 produca
1387 587 1463 613 una
1509 576 1749 614 moltitudine
1796 576 1834 613 di
1876 572 2021 617 uomini,

1169 629 1333 666 ordinati
1364 640 1434 676 per
1462 630 1498 666 le
1528 630 1685 667 diverse
1715 630 1951 675 operazioni‚
1968 629 2022 678 edv

1169 693 1192 719 a
1221 683 1280 719 cio
1316 684 1436 720 molto
1467 683 1782 720 contribuiscono
1812 683 1912 720 oltre
1941 683 2019 720 alla

1170 735 1364 773 influenza
1393 736 1595 782 superiore
1615 737 1652 773 le
1681 737 1783 773 virtu
1812 747 1834 772 e
1864 737 1900 772 le
1930 746 2019 782 pro-

1170 790 1295 835 prieta
1343 789 1404 826 dei
1458 790 1589 837 luoghi
1638 789 1823 826 inferiori.
1881 789 2018 826 Percio

1169 842 1349 879 vediamo
1378 844 1448 879 che
1478 853 1555 879 non
1593 843 1681 879 solo
1724 842 1849 879 alcuni
1878 842 2019 889 singoli

1170 896 1323 938 nomini,
1353 906 1414 932 ma
1443 896 1565 932 anche
1603 896 1728 932 alcuni
1753 895 1889 941 -popoli
1919 905 2019 932 sono

1170 949 1238 984 atti
1269 959 1292 985 a
1321 948 1532 990 dominare,
1563 949 1648 985 altri
1682 949 1819 985 invece
1840 948 1889 985 ad
1909 959 2021 985 esser

1170 1002 1396 1038 sottomessi
1426 1012 1448 1038 e
1465 1012 1488 1038 a
1503 1002 1665 1043 servire,
1686 1011 1796 1038 come
1817 1001 1980 1038 afferma
1995 1002 2020 1038 il
2047 1026 2049 1028 -

1170 1054 1348 1092 Filosofo
1376 1055 1480 1092 nella
1509 1054 1683 1098 Politica,
1713 1054 1763 1091 ed
1796 1065 1820 1092 a
1847 1056 2020 1096 costoro‚
2050 1084 2054 1103 ÷
2092 1088 2093 1091 ,

1170 1119 1279 1145 come
1309 1108 1386 1155 egli
1415 1110 1547 1145 stesso
1576 1108 1673 1150 dice,
1703 1110 1817 1144 torna
1846 1107 1939 1144 utile
1959 1118 2021 1144 es-

1170 1172 1236 1198 ser
1281 1162 1487 1208 governati
1532 1162 1653 1198 anche
1696 1171 1769 1198 con
1818 1161 1856 1197 la
1897 1160 2020 1197 forza.

1170 1214 1323 1304 Stamsso
1352 1225 1434 1251 c081
1464 1215 1500 1251 le
1529 1225 1623 1251 cose
1652 1225 1729 1250 non
1772 1213 1835 1251 v’e
1877 1214 2022 1251 dubbio

1171 1268 1241 1304 che
1272 1268 1280 1303 l
1336 1270 1475 1303 natura
1502 1268 1552 1304 ha
1590 1267 1768 1312 disposto
1812 1277 1861 1304 un
1900 1267 2040 1314 luogo

2052 1131 2066 1239 l

2057 1242 2065 1302 l

1171 1320 1220 1357 ed
1237 1331 1313 1356 una
1327 1322 1447 1367 gente
1463 1321 1525 1356 nel
1538 1320 1680 1356 mondo
1695 1331 1766 1365 per
1785 1320 2023 1366 governarlo
2059 1326 2064 1378 j

1171 1375 1298 1417 tutto;
1328 1373 1533 1410 altrimenti
1563 1383 1655 1409 essa
1674 1373 1841 1409 sarebbe
1875 1376 2056 1417 venata]

1171 1437 1285 1463 meno
1306 1437 1329 1462 a
1359 1437 1402 1463 se
1432 1428 1576 1469 stessa,
1606 1426 1666 1462 cio
1696 1426 1767 1462 che
1810 1427 1832 1462 e
1881 1426 2022 1470 impos-

1171 1480 1295 1517 sibile.
1326 1478 1454 1524 Quale
1484 1480 1543 1516 sia
1571 1482 1678 1516 stato
1722 1479 1745 1515 il
1785 1479 1904 1525 luogo
1933 1489 1955 1514 e
1985 1478 2023 1514 la

1171 1536 1302 1580 gente,
1340 1538 1503 1580 emerge·
1527 1533 1787 1569 chiaramente
1813 1531 1863 1568 da
1891 1531 2021 1577 quello

1172 1586 1243 1622 che
1272 1586 1304 1622 si
1334 1587 1357 1622 e
1386 1585 1496 1622 detto
1525 1585 1562 1621 di
1591 1595 1711 1630 sopra
1740 1595 1763 1621 e
1805 1584 1856 1620 da
1893 1583 2023 1629 quello

1173 1640 1243 1676 che
1273 1639 1305 1675 si
1334 1639 1417 1675 dira
1445 1639 1510 1684 piu
1538 1640 1671 1681 sotto:
1703 1637 1828 1674 Roma
1842 1636 1891 1673 ed
1910 1636 2025 1673 isuoi

248 1726 332 1762 Sive
473 1727 482 1762 l
670 1727 693 1764 d
767 1728 774 1735 ,
869 1728 898 1764 p
1174 1692 1359 1733 cittadini‚
1403 1692 1511 1728 ossia
1549 1691 1573 1727 il
1615 1702 1689 1728 suo
1731 1690 1891 1750 popolo.
1936 1688 2023 1726 Con

366 1736 470 1772 popu
487 1737 544 1764 ¹¹⁸·
575 1726 667 1772 Quo
723 1730 839 1778 enam—
901 1730 993 1764 oeta
1031 1739 1100 1764 ΠΟ·
1139 1754 1141 1786 ἰ
1174 1746 1309 1783 sottile
1338 1746 1510 1792 ingegno
1540 1746 1652 1781 tocco
1682 1745 1823 1790 questo
1843 1743 1867 1779 11
1888 1744 2026 1779 nostro

1140 1826 1142 1847 s
1176 1799 1301 1835 Poeta
1329 1798 1391 1834 nel
1422 1800 1532 1835 sesto
1562 1798 1670 1839 libro,
1709 1796 1869 1842 ,quando
1912 1797 2028 1832 intro·

1140 1852 1142 1879 ἶ
1175 1852 1273 1888 duce
1303 1851 1471 1888 Anchise
1501 1852 1572 1887 che
1602 1851 1685 1887 cosi
1714 1849 1929 1895 profetizza
1976 1848 2025 1884 ad

1141 1948 1142 1954 ἵ
1178 1905 1296 1946 Enea,
1328 1904 1583 1951 progenitore
1614 1903 1675 1939 dei
1707 1902 1888 1939 Romani:

1248 1989 1326 2016 A'ltri
1346 1989 1417 2023 fogg
1407 1989 1535 2016 crunno
1557 1997 1620 2022 meg,
1613 1988 1667 2015 1[ἰο
1689 1987 1697 2014 i
1716 1987 1779 2014 fusi
1809 1985 1935 2013 metalli
1956 1984 2027 2012 altri

1176 2025 1367 2052 1··ilru11·anno
1378 2011 1416 2052 P{il
1444 2024 1515 2051 xivo
1535 2024 1583 2051 ml
1612 2030 1729 2050 maimo
1749 2023 1758 2049 i
1780 2021 1852 2049 volti
1875 2021 1989 2051 numni
2009 2029 2028 2047 o

1762 2080 1770 2101 l

347 2221 507 2267 praeter
527 2221 777 2267 superiorem
803 2220 1064 2263 Influentt’am.
1091 2224 1167 2255 Cfr.

1198 2223 1327 2255 Parad.
1357 2222 1459 2261 vm,
1485 2221 1624 2259 97-148,
1651 2221 1742 2252 dove
1782 2220 1896 2251 molto
1932 2219 2031 2250 chia-

254 2286 416 2316 ramente
442 2284 473 2314 si
499 2283 626 2324 spiega
652 2293 751 2314 coine
776 2283 802 2314 l’
819 2282 974 2315 influsso
1000 2283 1060 2314 dei
1086 2282 1173 2314 oieli
1199 2282 1369 2326 s’esplioa
1406 2281 1674 2313 divorsamente
1716 2289 1737 2311 a·
1773 2278 1928 2310 soconda
1965 2278 2022 2324 (lei

254 2342 383 2383 luoghi
409 2352 428 2374 e
453 2342 551 2373 della
575 2342 762 2382 propriora
788 2342 886 2373 della.
912 2342 1079 2373 materia.
1110 2341 1157 2372 Di
1182 2341 1246 2381 qui
1272 2341 1436 2381 appuulzo
1465 2340 1496 2371 le
1523 2339 1624 2370 varie
1651 2338 1825 2370 tendenze
1853 2345 1994 2368 ulnane.

684 2402 736 2432 Lo
762 2401 830 2432 ben
857 2401 923 2431 ohe
950 2402 1049 2432 tutto
1075 2399 1103 2431 il
1129 2409 1241 2440 regno
1267 2399 1332 2430 ohe
1364 2401 1405 2430 tu
1432 2398 1559 2430 scandi

733 2448 848 2488 Volge
874 2458 893 2479 e
919 2450 1104 2488 contenta,
1134 2447 1171 2478 fa
1196 2456 1293 2478 esser
1319 2446 1458 2477 virtute

732 2495 805 2526 Sua.
831 2495 1052 2535 providenza
1078 2495 1116 2525 in
1143 2493 1263 2534 questi
1289 2494 1387 2533 oorpi
1415 2492 1559 2533 grandi,

686 2554 715 2584 E
741 2563 812 2585 non
840 2563 908 2593 pur
934 2554 968 2584 le
993 2555 1124 2585 nature
1150 2552 1378 2593 provvedute

732 2601 826 2632 Sono
851 2602 891 2632 in
916 2600 954 2632 la.
980 2603 1110 2640 mente,
1136 2599 1214 2632 oh'e
1240 2599 1287 2631 da
1312 2600 1349 2630 se
1375 2598 1544 2638 perfetta,

732 2648 793 2680 Ma
817 2657 896 2679 esse
920 2648 1075 2679 insieme
1100 2656 1167 2679 oon
1194 2647 1230 2678 la,
1256 2646 1312 2677 lor
1337 2646 1479 2685 salutm

687 2708 754 2739 l'er
779 2707 846 2738 ohe
871 2708 1108 2747 quantunque
1134 2705 1338 2746 quest'aroo
1364 2706 1482 2736 saetta

735 2755 909 2794 Disposto
934 2754 1022 2786 oade
1048 2763 1069 2784 a
1095 2753 1297 2793 proveduto
1322 2752 1412 2793 fine,

735 2802 773 2833 Si
798 2811 898 2833 omne
915 2811 1009 2833 vcosa
1034 2802 1083 2832 in·
1099 2810 1165 2832 suo
1193 2809 1303 2841 regno
1329 2800 1478 2831 diretta.

356 2870 517 2916 quidam
542 2870 629 2916 apti
651 2869 738 2907 nati
760 2869 857 2906 sunt
880 2868 936 2906 ad
955 2868 1187 2914 principari.
1218 2870 1310 2902 Ibid.
1337 2879 1374 2902 v.
1402 2869 1569 2904 124-125.

690 2932 757 2962 Per
782 2931 849 2963 ohe
874 2941 925 2962 un
950 2940 1058 2976 nasce
1085 2929 1215 2961 Solone
1241 2939 1259 2960 e
1286 2929 1380 2960 altro
1407 2927 1521 2968 Serse,

738 2978 842 3010 Altro
873 2977 1210 3010 Melchisedech.....

356 3046 666 3101 Qxcudent'alii.
697 3049 806 3089 Verg.
827 3049 915 3081 Aen.
942 3049 1004 3088 VI,
1030 3047 1111 3079 848.

1141 3047 1216 3079 Ofin

1246 3046 1360 3078 Conv.
1390 3046 1458 3078 IV.
1482 3046 1539 3079 26.

2043 1953 2064 1980 χ

2227 2794 2248 3182 ιὴήὴειιηνζΓ-Δὲιῲμ-...Ἀ
2242 2755 2248 2777 .2.
2240 2699 2248 2713 1.
2246 2667 2248 2670 .
