2248 3372
305 155 371 186 148

255 240 474 251 ΝΜ

255 336 337 361 rum
366 334 557 371 nunquam
586 326 760 370 sequitur
787 337 837 363 ex
855 326 977 369 falsis,
994 327 1106 374 signa

255 381 384 422 tamen
414 379 496 415 veri
526 379 626 415 bene
656 381 869 425 sequuntur
906 391 955 416 ex
970 380 1104 427 signis,

255 442 355 477 quae
385 434 474 468 sunt
502 432 615 479 signa
642 431 743 469 falsi.
773 431 839 469 Sic
869 434 909 469 et
946 433 981 469 in
1012 444 1105 479 ope-

254 485 451 522 rabilibus.
480 485 577 522 Nam
607 486 697 522 licet
724 485 786 522 fur
814 485 862 522 de
882 485 987 523 furto
1016 487 1107 523 sub-

254 538 388 574 veniat
415 538 587 584 pauperi,
604 549 681 575 non
700 540 828 575 tamen
854 540 1107 586 eleemosyna

255 591 419 627 dicenda
449 594 534 628 est:
581 591 653 628 sed
682 595 744 644 ejt
772 593 874 628 actio
903 592 1105 638 quaedam,

255 655 355 690 quae
385 645 416 680 si
446 644 495 681 de
525 645 681 691 propria
717 646 935 682 substantia
978 645 1105 688 fieret,

255 697 533 745 eleemosynae
562 697 723 735 formam
752 699 926 741 haberet.
969 698 1107 735 Simili·
1146 702 1147 720 ³

255 753 316 787 ter
345 753 407 787 est
435 751 483 787 de
515 750 594 787 fine
625 751 736 788 iuris:
780 752 870 797 quia
889 752 920 788 si
951 752 1105 798 aliquid,

257 858 426 899 neretur‚
456 857 510 893 ita
539 860 648 894 esset
675 858 767 894 iuris
795 857 896 899 finis,
934 859 1008 895 hoc
1046 860 1108 895 est

257 910 399 947 bonum
429 921 654 953 commune3
684 911 783 947 sicut
803 911 986 948 exhibitio
1002 911 1108 948 facta

258 963 307 999 de
338 964 436 1000 male
466 964 655 1009 acquisito
685 966 747 1000 est
775 965 1109 1011 eleemosynazet

258 1017 325 1058 sic,
355 1027 469 1062 quum
499 1017 534 1052 in
565 1017 832 1062 propositione
868 1017 1018 1054 dicatur
1059 1018 1109 1054 de

258 1069 338 1106 fine
367 1070 460 1106 iuris
489 1070 694 1112 existente,
724 1081 800 1107 non
848 1073 995 1107 tantum
1043 1082 1109 1117 ap-

258 1126 433 1168 parente,
464 1123 646 1159 instantia
675 1124 779 1160 nulla
807 1126 880 1160 est.
912 1124 1026 1161 Patet
1041 1125 1110 1171 igi

258 1179 331 1218 tur,
361 1176 466 1222 quod
500 1177 772 1222 quaerebatur.

313 1283 356 1320 Vl
386 1284 483 1329 (vn).
516 1283 564 1333 Et
592 1283 684 1319 illud
713 1283 816 1329 quod
846 1286 985 1322 natura
1014 1284 1112 1320 ordi·

258 1336 376 1377 navit,
406 1335 455 1372 de
485 1336 566 1372 iure
597 1338 801 1379 servatur3

259 1442 517 1488 providentia,
547 1443 636 1488 quia
675 1443 706 1479 si
750 1442 951 1486 deficeret,
994 1442 1113 1480 effec-

260 1500 324 1532 tus
366 1497 572 1540 superaret
618 1506 774 1532 causam
831 1496 866 1532 in
910 1497 1112 1540 bonitate3

261 1548 364 1594 quod
381 1551 443 1585 est
457 1549 708 1594 impossibile.
738 1548 819 1586 Sed
835 1560 908 1586 nos
923 1549 1112 1591 videmus,

262 1601 366 1647 quod
395 1602 431 1638 in
461 1602 637 1649 collegiis
666 1602 922 1644 instituendis,
952 1613 1028 1639 non
1053 1613 1115 1639 so-

262 1656 338 1691 lum
367 1654 466 1692 ordo
495 1656 732 1702 collegarum
763 1655 811 1692 ad
841 1656 1003 1692 invicem
1027 1666 1116 1692 con-

262 1708 458 1744 sideratur
485 1709 534 1745 ab
563 1709 800 1750 instituente,
831 1709 901 1745 sed
931 1711 971 1745 et
1001 1708 1116 1745 facul-

263 1764 327 1797 tas
356 1761 405 1797 ad
443 1760 576 1798 officia
619 1762 865 1799 exercenda:
908 1762 1011 1808 quod
1054 1764 1116 1799 est

264 1814 515 1851 considerare
543 1815 743 1851 terminum
773 1815 866 1851 iuris
881 1815 916 1851 in
933 1816 1113 1862 collegio,

263 1868 327 1904 vel
358 1867 393 1903 in
424 1867 571 1910 ordine;
601 1878 677 1904 non
707 1868 806 1904 enim
836 1868 895 1904 ius
941 1868 1115 1904 extendi-

263 1923 326 1957 tur
354 1921 455 1957 ultra
484 1931 616 1966 posse.
647 1921 752 1967 Ergo
782 1921 830 1957 ab
872 1921 943 1958 hac
986 1922 1114 1966 provi-

265 1974 398 2010 dentia
425 1976 563 2010 natura
592 1984 668 2010 non
698 1973 832 2010 deficit
860 1974 895 2010 in
934 1975 1015 2011 suis
1052 1985 1114 2011 or-

359 2177 433 2215 Sl’c
457 2177 499 2215 el
520 2178 560 2215 Ῐη
587 2177 878 2224 ΟΡεΓᾶὐῘΙῘρυΞ,
907 2181 985 2212 οἰοῖ)
1011 2181 1110 2212 nella.
1135 2181 1251 2212 realta
1276 2180 1375 2212 della
1399 2163 1491 2220 xit-a,
1513 2189 1612 2211 come
1640 2179 1674 2210 lo
1701 2179 1878 2209 dimostra
1904 2178 2044 2209 l’esem-

265 2212 328 2280 pio
353 2240 514 2273 addotto.

365 2321 419 2354 Vl.
448 2317 543 2362 (vn)
569 2320 710 2356 natura
736 2319 776 2356 Ῐη
801 2319 1053 2365 providendo
1079 2329 1159 2357 ηοη
1186 2317 1337 2361 deficis.
1366 2321 1494 2352 Pau-ad.
1520 2320 1622 2360 V111‚
1651 2321 1741 2352 115:

793 164 834 187 IL
859 164 1061 188 TRATTATO
1086 164 1217 188 DELLA
1243 163 1482 189 MONARclssA

1179 328 1321 373 perche
1349 338 1418 373 per
1446 330 1491 364 se
1520 328 1542 364 il
1572 338 1669 364 vero
1698 338 1775 365 non
1804 329 1836 365 si
1878 327 2028 366 deduce
2066 367 2069 370 Α

1146 402 1149 429 ¹,
1178 381 1252 417 mai
1281 373 1343 417 da'l
1372 379 1487 422 falso,
1508 392 1569 417 ma
1597 368 1763 418 tuttavia
1785 381 1932 442 'isegni
1965 381 2028 418 del

1178 444 1275 470 vero
1304 444 1561 480 provengono
1590 434 1652 470 dai
1681 435 1792 481 segni
1822 434 1884 471 del
1913 433 2028 472 falso.

1145 525 1148 540 Ι
1181 485 1276 523 Cosi
1306 487 1428 523 anche
1457 487 1560 523 nella
1598 488 1758 532 pratica.
1798 487 1924 525 lnfatti
1962 498 2030 524 an-

1179 540 1250 576 che
1279 551 1323 576 se
1353 550 1401 576 un
1432 540 1542 576 ladro
1571 541 1663 577 aiuti
1692 551 1741 577 un
1781 551 1930 586 povero
1969 541 2029 578 col

1178 592 1295 635 furto,
1325 593 1491 630 tuttavia
1506 594 1543 629 la
1558 604 1630 630 sua
1645 586 1782 630 azione
1798 604 1874 631 non
1895 594 2032 631 merita

1179 657 1293 683 nome
1313 646 1349 682 di
1371 647 1595 688 elemosina,
1613 657 1673 683 ma
1702 649 1724 684 e
1740 657 1789 683 un
1794 646 1943 684 ’azione
1958 648 2030 685 che

1180 710 1224 736 se
1253 699 1284 736 si
1314 699 1470 736 facesse
1508 700 1609 736 colle
1643 701 1798 746 proprie
1832 702 2029 742 sostanze,

1146 775 1147 795 2
1180 753 1353 789 avrebbe
1365 753 1402 788 la
1410 752 1536 789 forma
1547 752 1584 789 di
1595 753 1822 790 elemosina.
1832 754 1888 790 Lo
1898 755 2031 790 stesso

257 807 299 840 ut
326 802 416 840 finis
436 804 556 850 ipsius
585 805 688 845 iuris,
718 805 865 850 absque
902 806 983 841 iure
1013 806 1109 842 obti-
1146 801 1147 806 ’

1180 805 1300 842 dicasi
1313 805 1374 842 del
1386 805 1465 842 fine
1478 805 1540 842 del
1553 806 1696 850 diritto;
1708 807 1862 852 perche,
1874 817 1918 843 se
1929 807 2033 852 qual-

1180 859 1250 895 che
1262 869 1357 895 cosa
1367 859 1399 895 si
1416 861 1618 896 ottenesse
1633 870 1753 896 senza
1767 859 1911 902 diritto‚
1922 870 2031 896 come

1147 944 1149 960 ,2
1181 911 1260 948 fine
1290 912 1351 948 del
1373 911 1505 948 diritto
1525 915 1668 954 stesso,
1690 913 1857 950 sarebbe
1877 923 2031 959 sempre

1147 980 1149 999 ι
1182 965 1261 1001 fine
1290 965 1353 1001 del
1383 964 1527 1006 diritto,
1557 966 1643 1002 cioe
1659 976 1708 1002 un
1724 966 1826 1002 bene
1854 976 2030 1007 comune,

1148 1032 1151 1070 ᾗ,
1182 1029 1292 1055 come
1323 1017 1495 1055 l'offerta
1523 1017 1624 1054 fatta
1651 1019 1711 1055 coi
1741 1018 1827 1055 mali
1870 1019 2032 1065 acquisti

1148 1087 1151 1115 l

1149 1171 1151 1218 l

1183 1074 1206 1108 e
1235 1071 1475 1114 elemosina,
1505 1082 1527 1108 e
1556 1073 1638 1108 cosi
1667 1071 1900 1108 trattandosi
1929 1072 2034 1108 nella

1183 1135 1384 1170 premessa
1413 1124 1475 1161 del
1505 1124 1584 1161 fine
1614 1124 1675 1161 del
1705 1125 1836 1161 diritto
1873 1125 1981 1162 reale
2009 1136 2032 1161 e

1184 1188 1260 1214 non
1290 1178 1326 1214 di
1362 1178 1492 1223 quello
1530 1178 1617 1214 solo
1647 1179 1873 1223 apparente,
1893 1188 1971 1215 non
2000 1178 2033 1214 ci

1150 1231 1151 1276 ζ
1184 1232 1261 1276 pub
1295 1241 1407 1268 esser
1435 1231 1651 1267 obiezione.
1695 1230 1738 1267 E'
1771 1231 1926 1277 dunque
1954 1231 2034 1267 evi-

843 1339 983 1373 natura
1011 1337 1111 1373 enim
1150 1347 1151 1375 l

258 1390 294 1425 in
324 1389 567 1435 providendo
595 1400 681 1429 non.
702 1389 835 1426 deficit
863 1391 912 1427 ab
949 1390 1112 1427 hominis
1150 1394 1152 1404 *

1150 1413 1152 1443 i

1185 1284 1302 1320 dente
1330 1284 1461 1330 quello
1491 1285 1561 1320 che
1590 1285 1621 1320 si
1651 1294 1829 1320 cercava.

1239 1390 1282 1426 Vl
1311 1390 1409 1436 (vn).
1441 1389 1584 1434 Quello
1613 1389 1683 1426 che
1726 1390 1763 1425 la
1805 1392 1943 1426 natura
1985 1390 2034 1426 ha

1151 1474 1152 1478 ,
1185 1442 1377 1484 ordinato,
1406 1442 1443 1479 di
1473 1442 1603 1479 diritto
1633 1443 1664 1479 si
1694 1452 1912 1485 conserva,
1950 1452 2030 1488 per-

1151 1491 1153 1544 }
1185 1497 1256 1532 che
1274 1497 1311 1532 la
1325 1497 1546 1537 natura,nel
1566 1495 1812 1541 provvedene
1833 1506 1909 1532 non
1926 1498 2033 1532 resta

1152 1582 1153 1590 ,
1187 1549 1365 1585 addietro
1394 1549 1471 1585 alla
1499 1547 1764 1594 provvidenza
1799 1547 1889 1584 dell’
1906 1558 2033 1590 uomo,

1152 1591 1154 1625 ff
1187 1602 1392 1639 altrimenti
1409 1600 1578 1638 l’effetto
1588 1601 1852 1647 supererebbe
1864 1602 1902 1637 la
1916 1610 2036 1637 causa

1153 1706 1155 1768 i

1188 1656 1222 1692 in
1252 1655 1390 1698 bonta;
1433 1655 1492 1691 cio
1522 1655 1592 1691 che
1622 1656 1644 1690 e
1674 1653 1923 1700 impossibile.
1953 1652 2037 1690 Ora

1188 1709 1252 1745 noi
1267 1708 1447 1745 vediamo
1467 1708 1537 1744 che
1558 1707 1871 1744 nell'istituzione
1888 1706 1950 1743 dei
1961 1706 2038 1743 col-

1154 1774 1155 1789 i
1187 1762 1265 1808 legi
1294 1761 1574 1808 magistratuali
1603 1770 1679 1797 non
1696 1761 1783 1797 solo
1803 1759 2037 1796 l'istitutore

1154 1838 1155 1843 ,
1188 1815 1290 1851 bada
1306 1814 1507 1851 all'ordine
1528 1814 1589 1850 dei
1611 1814 1767 1850 membri
1786 1816 1843 1849 tra
1858 1813 1956 1856 loro,
1976 1823 2038 1848 ma

1154 1875 1155 1896 1
1188 1869 1310 1904 anche
1340 1868 1416 1904 alla
1443 1866 1590 1903 facolta
1626 1866 1942 1902 nell’esercitare
1984 1866 2036 1911 gli

1154 1915 1155 1950 ἶ
1188 1920 1306 1961 offici,
1337 1921 1396 1956 cio
1426 1921 1496 1956 che
1538 1920 1629 1956 vuol
1664 1919 1745 1955 dire
1783 1917 2033 1955 considerare

1153 2006 1156 2022 ὲ
1188 1975 1211 2010 il
1228 1974 1345 2010 limite
1374 1973 1436 2009 del
1466 1972 1597 2009 diritto
1626 1972 1687 2008 nel
1713 1971 1880 2018 collegio
1909 1981 1933 2007 o
1957 1970 2038 2006 nel-

1899 2299 1915 2328 t

1078 2392 1346 2432 ....inipossibil
1373 2392 1507 2432 veggio

743 2451 818 2482 Che
845 2452 881 2483 la
907 2454 1038 2483 natura
1064 2451 1101 2482 in
1129 2451 1211 2492 quel
1238 2451 1317 2482 oh’e
1343 2460 1451 2491 uopo,
1480 2449 1625 2481 stanohi

360 2535 401 2572 Ῐη
427 2535 617 2581 colleyl'l’s
641 2535 903 2574 instituendis
928 2540 959 2570 si
986 2540 1079 2571 bada
1104 2539 1171 2572 ohe
1198 2539 1232 2570 le
1264 2538 1429 2570 funzioni
1469 2538 1573 2569 siano
1609 2536 1822 2569 distribuite
1859 2535 2045 2568 ordinata-

266 2600 387 2636 mente
412 2606 432 2628 e
457 2597 524 2628 ohe
550 2597 579 2642 il
605 2597 763 2638 collegio
790 2608 861 2629 non
889 2598 1016 2638 usurpi
1044 2607 1090 2629 un
1118 2599 1241 2638 potere
1267 2597 1334 2628 ohe
1360 2598 1480 2636 &penta
1506 2597 1550 2627 nd
1577 2595 1678 2629 altri.

1319 2649 1332 2661 f
