2248 3372
327 304 330 306 v
357 315 473 372 'vero,
502 330 619 375 prout
637 327 949 375 incorruptibilis.
965 309 1079 363 Duos
1099 325 1216 373 igitur

361 380 464 420 fines
519 381 772 420 Providentia
826 381 892 417 illa
946 379 1216 416 inenarrabilis

296 430 304 435 ’
361 435 503 472 homini
531 435 736 481 proposuit
777 432 1062 471 intendendos:
1092 432 1215 469 beati-

361 487 533 525 tudinem
573 488 722 525 scilicet
755 487 867 525 huius
895 486 1013 528 vitae,
1047 495 1148 532 quae
1178 485 1214 522 in

363 541 593 588 operatione
622 541 804 587 propriae
832 540 986 577 virtutis
1024 539 1213 581 consistit,

363 595 405 632 et
422 604 494 640 per
511 595 739 631 terrestrem
759 592 986 630 Paradisum
1010 591 1214 639 figuratum

363 648 405 685 et
430 647 708 684 beatitudinem
736 647 842 684 vitae
884 647 1084 687 aeternae,
1114 655 1215 691 quae

317 715 322 719 ·
363 699 542 738 consistit
582 700 620 736 in
661 699 844 737 fruitione
881 699 999 736 divini
1029 701 1216 744 aspectus

363 752 414 791 ad
440 763 554 799 quam
582 753 706 791 virtus
725 753 883 799 propria
902 751 1118 789 ascendere
1138 762 1215 788 non

361 807 506 863 potest,
535 806 607 843 nisi
636 807 777 843 lumine
797 805 929 843 divino
950 805 1104 850 adiuta,
1115 815 1216 852 quae

362 858 433 906 per
487 859 715 896 Paradisum
780 860 994 896 coelestem
1056 833 1216 906 intelligi

362 911 488 950 datur.
530 911 591 949 Ad
632 913 704 950 has
745 912 899 959 quidem
941 912 1216 954 beatitudines,

361 966 472 1003 velut
513 965 563 1003 ad
605 966 784 1004 diversas
825 966 1112 1007 conclusiones,
1148 976 1218 1011 per

362 1018 520 1056 diversa
548 1019 675 1056 media
702 1019 837 1056 venire
858 1021 1027 1065 oportet.
1048 1018 1146 1055 Nam
1168 1018 1217 1055 ad

362 1072 521 1118 primam
565 1083 635 1118 per
671 1073 941 1118 philosophica
983 1072 1218 1110 documenta

291 1167 294 1170 Α
361 1124 550 1168 venimus,
579 1125 787 1162 dummodo
816 1126 881 1162 illa
909 1136 1128 1172 sequamur,
1159 1136 1219 1162 se-

361 1177 526 1215 cundum
546 1179 712 1216 virtutes
732 1180 902 1216 morales
917 1182 958 1215 et
978 1179 1219 1216 intellectua-

362 1231 682 1277 lesvoperand03
711 1231 761 1269 ad
789 1232 1000 1269 secundam
1021 1243 1130 1274 vero,
1147 1243 1218 1278 per

310 1316 314 1317 γ
362 1283 596 1322 documenta
622 1285 849 1331 spiritualia,
883 1296 984 1332 quae
1012 1286 1216 1322 humanam

361 1337 550 1374 rationem
579 1338 871 1388 transcendunt,
901 1339 1109 1376 dummodo
1153 1340 1217 1375 illa

311 1423 325 1429 c
359 1400 569 1437 sequamur
609 1391 823 1428 secundum
860 1392 1026 1429 virtutes
1068 1393 1217 1429 theolo-

361 1443 472 1492 gicas
509 1444 725 1490 operando,
761 1444 879 1482 fidem
916 1445 1076 1488 scilicet,
1105 1456 1215 1492 spem

361 1498 404 1534 et
430 1497 669 1534 charitatem.
699 1497 782 1535 Has
802 1498 917 1546 igitur
941 1499 1216 1536 conclusiones

360 1551 405 1587 et
431 1550 570 1592 media,
601 1551 691 1588 licet
711 1554 874 1588 ostensa
893 1552 971 1589 sint
989 1553 1102 1589 nobis
1118 1553 1215 1589 haec

340 1602 413 1651 'ab
439 1602 607 1640 humana
634 1605 799 1648 ratione,
828 1615 930 1651 quae
959 1615 1030 1650 per
1050 1605 1218 1651 philoso-

361 1644 462 1702 phos
489 1658 575 1693 tota
602 1657 716 1694 nobis
744 1658 920 1702 innotuit,
958 1658 1057 1701 haec
1086 1669 1109 1695 a
1129 1657 1215 1705 Spi-

361 1708 438 1746 ritu
483 1707 643 1752 Sancto,
682 1711 744 1756 qui
792 1721 862 1757 per
908 1711 1129 1757 Prophetas
1175 1714 1216 1748 et

363 1761 640 1810 agiographos,
700 1764 763 1810 qui
833 1775 904 1810 per
963 1767 1214 1802 coaeternum

361 1814 434 1852 sibi
475 1815 551 1852 Dei
593 1816 727 1854 Filium
774 1817 897 1854 Iesum
936 1817 1144 1861 Christum,
1174 1821 1215 1856 et

363 1877 435 1913 per
479 1869 564 1906 eius
610 1869 858 1916 discipulos„
876 1873 1213 1917 supernaturalem

361 1921 566 1959 veritatem
596 1933 642 1960 ac
671 1924 784 1961 nobis
812 1925 1076 1961 necessariam
1105 1936 1215 1962 reve-

358 1973 466 2016 lavit,
508 1975 675 2013 humana
716 1976 907 2023 cupiditas
950 1980 1212 2026 postergaret,

1159 148 1288 186 Panno
1314 161 1359 190 ιι.
1827 165 1829 167 ·
1867 178 1870 180 v
2028 142 2113 188 217ἶ
2134 135 2140 140 “

1290 324 1490 364 ineffabile
1521 325 1795 367 Provvidenza
1810 325 1966 372 dunque
1994 326 2046 364 ha
2059 337 2147 373 pro-

1289 381 1407 424 posto
1437 378 1634 416 all’uomo
1664 379 1740 416 due
1782 379 1850 416 fini
1889 379 1940 416 da
1967 380 2148 428 raggiun-

1290 442 1398 479 gere,
1442 433 1532 470 vale
1571 442 1594 468 a
1623 432 1718 474 dire,
1749 433 1787 469 la
1825 427 2066 474 beatitudine
2108 433 2148 470 di

1288 488 1430 531 questa
1457 486 1551 529 vita,
1581 486 1652 523 che
1682 487 1854 523 consiste
1884 487 1988 523 nella
2024 488 2150 524 attua-

1288 539 1401 575 zione
1443 539 1547 576 della
1590 540 1746 585 propria
1788 540 1888 576 virtu
1931 539 1980 576 ed
2010 541 2033 577 e
2052 539 2150 588 figu-

1288 594 1375 628 rata
1403 591 1466 628 dal
1497 591 1689 629 Paradiso
1718 595 1922 636 terrestre,
1939 604 1962 629 e
1992 594 2029 630 la
2057 593 2150 630 bea·
2183 621 2186 623 >

1289 645 1452 682 titudine
1482 645 1586 682 della
1615 646 1695 682 vita
1733 648 1882 688 eterna,
1913 647 1984 684 che
2023 645 2157 684 consi-'

1289 701 1351 736 ste
1380 699 1443 735 nel
1473 698 1700 746 godimento
1730 699 1833 736 della
1859 700 1962 737 vista
1991 700 2027 737 di
2057 699 2166 748 Dio„

1291 753 1368 789 alla
1396 753 1512 798 quale
1542 753 1580 789 la
1608 753 1710 789 virtu
1740 753 1898 798 propria
1923 752 2013 790 dell'
2030 763 2148 795 uomo

1290 816 1368 842 non
1398 808 1476 852 puo
1506 806 1623 842 salire
1652 817 1697 843 se
1729 816 1807 842 non
1847 805 2054 843 coll’aiuto
2083 806 2148 843 del

1291 860 1394 896 lume
1422 859 1566 901 divino,
1597 869 1619 895 e
1662 862 1803 905 questa
1845 860 2086 897 beatitudine
2124 861 2149 896 e

1291 912 1386 949 dato
1415 912 1619 949 intendere
1657 914 1720 950 nel
1760 912 1951 950 Paradiso
1986 914 2148 950 celeste.

1291 965 1326 1002 A
1354 968 1494 1012 queste
1533 966 1774 1008 beatitudini,
1805 977 1914 1003 come
1945 977 1968 1003 a
1997 966 2149 1013 termini

1292 1019 1450 1062 diversi,
1479 1020 1671 1056 conviene
1705 1020 1894 1067 giungere
1925 1030 1998 1056 con
2027 1019 2150 1056 mezzi

1292 1073 1458 1109 diversi:
1489 1074 1568 1110 alla
1610 1073 1731 1119 prima
1774 1074 2026 1119 perveniamo
2074 1082 2149 1109 con

1292 1126 1344 1173 gli
1383 1127 1738 1163 ammaestramenti
1776 1125 1974 1171 filosofici,
2003 1126 2149 1172 purche

1293 1180 1317 1216 li
1336 1180 1552 1226 segniamo,
1571 1179 1774 1225 operando
1794 1180 1970 1217 secondo
1991 1178 2027 1216 le
2047 1179 2154 1216 virtu·

1292 1233 1427 1269 morali
1471 1233 1520 1269 ed
1550 1234 1824 1276 intellettuali;
1854 1234 1930 1270 alla
1973 1231 2151 1270 seconda

1292 1287 1544 1332 perveniamo
1574 1297 1648 1323 con
1678 1287 1730 1334 gli
1761 1286 2044 1333 insegnamenti
2076 1285 2152 1331 spi-

1293 1339 1432 1382 rituali,
1462 1340 1533 1376 che
1553 1339 1817 1376 trascendono
1838 1339 2011 1377 l’umana
2025 1339 2152 1386 ragie-

1295 1403 1356 1435 ne,
1405 1394 1549 1439 purche
1606 1393 1629 1429 li
1680 1394 1895 1440 seguiamo,
1943 1390 2146 1439 operando

1292 1446 1468 1483 secondo
1503 1447 1538 1483 le
1572 1447 1673 1483 virtu
1688 1447 1890 1494 teologali,
1919 1444 2152 1491 Fede,Spe-

1290 1510 1410 1536 ranza
1438 1510 1461 1536 e
1491 1499 1639 1536 Carita.
1671 1499 1815 1544 Questi
1844 1499 1995 1536 termini
2015 1509 2039 1536 e
2058 1509 2151 1544 que-

1290 1553 1341 1589 sti
1370 1553 1503 1598 mezzi‚
1532 1554 1708 1590 sebbene
1752 1553 1785 1589 ci
1828 1553 1942 1590 siano
1986 1551 2151 1589 additati

1290 1606 1326 1642 in
1365 1608 1477 1652 parte
1516 1606 1606 1642 dall’
1624 1616 1764 1642 umana
1792 1607 1969 1653 ragione,
1994 1603 2153 1642 manife-

1289 1660 1430 1696 stataci
1453 1660 1708 1696 interamente
1727 1659 1790 1695 dai
1805 1658 1967 1701 filosofi,
1984 1659 2020 1695 in
2037 1660 2150 1704 parte

1289 1713 1395 1749 dallo
1438 1712 1585 1758 Spirito
1615 1712 1753 1756 Santo,
1795 1713 1865 1750 che
1896 1713 1929 1749 ci
1958 1713 2082 1750 rivelo
2111 1712 2150 1748 la

1288 1766 1415 1805 verita
1444 1767 1774 1811 soprannaturale
1795 1777 1817 1803 e
1838 1765 2066 1803 necessaria
2086 1763 2148 1801 col

1288 1830 1423 1856 mezzo
1439 1819 1502 1856 dei
1520 1819 1674 1864 profeti,
1696 1819 1800 1866 degli
1829 1818 2023 1866 agiografi
2039 1829 2061 1854 e
2077 1826 2149 1864 per

1289 1883 1423 1909 mezzo
1439 1873 1501 1909 del
1518 1870 1628 1916 figlio
1644 1873 1681 1909 di
1702 1873 1794 1916 Dio,
1815 1883 1838 1909 a
1866 1873 1916 1909 lui
1944 1875 2146 1912 coeterno‚

1289 1925 1398 1963 Gesu
1411 1925 1556 1967 Cristo,
1578 1937 1600 1962 e
1622 1926 1782 1962 deisuoi
1803 1924 2149 1971 discepoli,sareb-

1287 1980 1383 2016 bero
1391 1980 1597 2016 trascurati
1611 1990 1679 2025 per
1691 1980 1727 2015 la
1738 1979 1930 2032 cupidigia
1939 1988 2090 2020 umana,
2101 1987 2147 2014 se

444 2169 570 2223 ‘Duos
594 2185 715 2231 igitur
730 2184 844 2228 fines
869 2185 1157 2226 Providentia..

363 2246 402 2279 H
426 2254 472 2290 11,
497 2256 533 2289 q.
562 2246 642 2290 167,
669 2258 702 2280 a.
729 2249 761 2280 1.

1163 2216 1184 2226 .-
1215 2191 1331 2224 Oouv.
1353 2191 1401 2232 ΙΙ,
1429 2193 1463 2234 5,
1485 2192 1535 2223 IV
1563 2192 1595 2224 5.
1621 2188 1836 2233 Thom.'Aq.
1856 2192 2005 2224 Summa
2030 2191 2144 2225 theol.

457 2313 524 2352 M
543 2314 768 2354 secundam
790 2326 867 2362 per
887 2316 1130 2369 documenta
1154 2317 1395 2363 spiritualia.
1423 2321 1544 2362 Epist.
1574 2321 1658 2364 VII,
1701 2322 1721 2354 3
1747 2332 1767 2354 ο
1791 2322 1846 2354 De
1872 2322 1970 2354 Mon.
1996 2322 2026 2359 Ι,
2053 2321 2086 2354 7.

454 2383 672 2424 dummodo
697 2385 768 2424 illa
793 2397 1014 2434 sequamur
1035 2387 1260 2426 secundum
1287 2389 1457 2442 virtutes
1474 2389 1747 2436 theologicas.
1765 2393 1892 2425 Thom.
1908 2394 1975 2433 Aq.
1997 2392 2147 2424 Summa.

364 2446 545 2480 thealsll
571 2455 615 2483 11.
641 2460 677 2490 q.
707 2448 787 2486 174,
813 2452 911 2481 α.,2.

455 2515 528 2561 qul
545 2525 623 2562 ρει·
642 2516 900 2555 coaeternum
923 2516 1012 2555 sib}
1032 2517 1111 2556 Del
1123 2517 1326 2556 F1'11'um....
1355 2522 1468 2554 Salm.
1498 2523 1620 2555 XXXI
1648 2524 1680 2556 9.

482 2573 488 2579 “
1075 2581 1129 2612 La.
1154 2581 1258 2621 larga
1281 2581 1385 2622 ploia·

791 2638 899 2671 Dello
924 2637 1063 2680 Spirito
1089 2641 1216 2683 Santo,
1243 2640 1323 2672 oh’e
1348 2640 1490 2672 diffusa

791 2697 834 2729 In
860 2707 902 2730 su
929 2698 963 2730 le
988 2698 1139 2731 veoohie
1164 2708 1184 2731 e
1209 2709 1253 2731 su
1279 2699 1314 2731 le
1339 2709 1460 2731 nuovo
1485 2700 1604 2731 euoin..

1578 2758 1692 2790 l’arad
1701 2784 1709 2792 .
1739 2758 1801 2789 XX
1809 2758 1859 2789 IV
1887 2758 1906 2789 9
1914 2759 2001 2791 1-93.

1878 19 1882 22 -
1895 17 1904 22 -
1917 16 1941 36 ,ψ
1951 18 1987 30 r..
1996 11 2009 22 v
2020 4 2085 26 εὖ
2139 9 2166 32 ·-3
2186 12 2207 27 ι»
2235 27 2239 31 ,

1876 45 1891 53 2
1952 38 1974 43 “·
1989 51 2003 59 ..
2025 54 2034 59 .
2047 33 2135 61 ’ἓέξ-Ᾱ.
2178 35 2248 63 3:²23

2128 64 2138 69 ”
2149 78 2160 83 .,
2176 67 2211 90 ἢ..
2231 66 2248 81 ²
