2248 3372
578 61 587 68 ,

1011 161 1140 187 PARTE
1165 161 1210 186 11.
1886 152 1952 184 101

219 332 447 370 ordinantur
488 329 538 368 ad
579 339 706 374 unum,
753 328 911 374 oportet
957 337 1072 363 unum

220 401 355 429 eorum
383 389 565 438 regulare
593 399 664 426 seu
692 397 847 435 regere,
877 386 955 423 alia
973 396 1072 422 vero

221 449 391 498 regulari
419 459 491 486 seu
518 447 625 495 regi:
669 445 774 493 quod
812 445 966 492 quidem
995 455 1073 481 non

223 510 348 548 solum
375 507 588 556 gloriosum
608 505 781 550 auctoris
809 515 951 542 nomen
980 496 1076 541 facit

223 573 315 605 esse
342 559 588 603 credendum,
626 559 698 596 sed
726 558 828 596 ratio
865 557 1075 612 inductiva.

223 620 267 660 Si
295 620 396 658 enim
415 618 709 657 consideremus
738 628 853 654 unum
882 617 1075 654 hominem

178 699 179 702 =
223 674 352 712 hocin
372 684 423 710 eo
455 673 684 720 contingere
712 670 955 708 videbi-mus:
985 670 1077 716 quia

199 743 337 786 'quum
365 743 502 769 omnes
529 731 635 768 vires
654 730 740 768 eius
769 729 996 767 ordinentur
1025 728 1075 766 ad

222 785 461 829 felicitatem,
498 785 560 822 vis
587 785 672 831 ipsa
710 783 985 821 intellectualis
1014 784 1077 820 est

223 845 438 893 reguIatrix
465 846 506 881 et
527 843 670 881 rectrix
707 843 873 881 omnium
903 843 1076 884 aliarum,

224 898 337 936 aliter
379 897 430 935 ad
475 896 702 934 felicitatem
749 896 956 942 pervenire
995 905 1076 937 non

223 959 370 1003 potest.
398 956 441 994 Si
461 955 756 994 consideremus
774 965 889 992 unam
909 954 1078 997 domum,

224 1011 334 1048 cuius
361 1009 452 1048 finis
488 1011 562 1052 est,
605 1009 846 1046 domesticos
887 1008 936 1044 ad
974 1008 1077 1045 bene

224 1069 433 1106 vivendum
474 1078 724 1114 praeparare,
767 1078 882 1104 unum
920 1067 1080 1113 oportet

227 1133 319 1160 esse
338 1122 402 1168 qui
421 1122 577 1170 regulet
604 1123 645 1158 et
663 1123 789 1168 regat,
814 1131 927 1167 quem
948 1119 1080 1157 dicunt

228 1180 546 1228 patremfamilias
587 1181 655 1217 aut
679 1180 764 1217 eius
793 1180 918 1216 locum
946 1181 1080 1216 tenen-

227 1242 318 1282 tem,
373 1239 479 1284 iuxta
524 1238 716 1282 dicentem
773 1238 1047 1284 Philosophum
1069 1247 1078 1273 :

235 1314 253 1331 «
269 1297 406 1336 Omnis
434 1298 572 1335 domus
591 1298 739 1345 regitur
767 1308 790 1334 a
819 1297 1026 1334 senissimo
1041 1312 1078 1332 >›.

230 1357 279 1394 Et
305 1358 428 1403 hujus,
471 1358 513 1394 ut
540 1357 595 1393 ait
623 1356 828 1399 Homerus,
872 1358 936 1393 est
962 1366 1079 1404 regu-

227 1416 310 1453 lare
338 1426 476 1452 omnes
512 1418 553 1452 et
588 1415 701 1463 leges
737 1415 938 1462 imponere
972 1415 1080 1459 aliis;

228 1470 388 1516 propter
415 1469 519 1515 quod
540 1469 840 1515 proverbialiter
859 1468 996 1505 dicitur
1015 1468 1081 1505 illa

172 1569 178 1573 ,
229 1527 466 1565 maledictio:
503 1543 521 1560 α
536 1528 674 1565 Parem
693 1528 843 1564 habeas
863 1528 899 1564 in
911 1526 1028 1565 domo
1043 1527 1080 1563 >›!

229 1580 272 1619 Si
305 1580 598 1630 consideremus
638 1581 764 1617 vicum
806 1591 934 1623 unum,
973 1581 1082 1617 cuius

230 1639 321 1676 finis
358 1641 421 1676 est
460 1639 664 1677 commoda
706 1641 783 1676 tam
826 1650 1081 1685 personarum

232 1702 345 1739 quam
372 1703 499 1729 rerum
533 1693 743 1735 auxiliatio,
781 1703 896 1729 unum
926 1694 1084 1738 oportet

233 1761 324 1788 esse
353 1751 514 1788 aliorum
547 1752 823 1799 regulatorem,
857 1751 921 1788 vel
951 1751 1082 1788 datum

233 1804 282 1841 ab
311 1804 400 1845 alio,
429 1805 492 1841 vel
523 1815 572 1841 ex
612 1805 707 1851 ipsis
740 1805 1082 1850 praeeminentem,

232 1863 566 1901 consentientibus
603 1864 710 1907 aliis;
752 1864 865 1900 aliter
893 1864 943 1901 ad
980 1865 1081 1900 illam

232 1923 401 1959 mutuam
433 1921 707 1959 sufficientiam
744 1933 821 1960 non
851 1923 975 1960 solum
1005 1933 1082 1960 non

188 2008 206 2014 -.
232 1981 474 2028 pertingitur,
530 1981 601 2018 sed
648 1981 856 2028 aliquando
911 1982 1084 2037 pluribus

1151 325 1183 362 Ε
1210 327 1353 372 questo
1391 335 1436 362 ce
1466 325 1504 362 lo
1543 325 1663 362 rende
1703 324 1887 362 credibile
1925 335 2004 361 non

1150 385 1238 422 solo
1259 385 1283 421 il
1311 384 1490 432 glorioso
1519 395 1633 421 nome
1663 384 1913 427 dell'autore‚
1943 394 2006 421 ma

1154 444 1277 481 anche
1306 444 1344 480 la
1373 444 1537 491 ragione
1566 443 1768 480 induttiva.
1798 442 1853 480 Se
1873 443 1938 480 noi
1967 442 2005 479 di

1155 503 1257 541 fatto
1286 502 1571 540 consideriamo
1595 513 1645 539 un
1667 503 1754 540 solo
1784 513 1912 544 nomo,
1941 512 2008 538 ve-

1153 563 1282 601 diamo
1324 562 1407 600 che=
1438 562 1474 598 in
1507 563 1557 599 lui
1586 563 1727 608 questo
1771 562 1801 598 si
1846 571 2006 604 avvera,

1155 622 1298 669 perche
1327 622 1477 658 mentre
1498 623 1598 658 tutte
1618 621 1654 657 le
1674 620 1783 658 forze
1813 631 1884 657 sue
1905 631 2005 657 sono

1153 681 1332 719 ordinate
1352 691 1423 727 per
1442 681 1479 718 la
1507 680 1665 723 felicita,
1695 680 1733 717 la
1760 679 1872 717 forza
1900 680 2010 716 intel-

1154 741 1316 778 lettuale
1346 742 1369 778 e
1398 731 1436 777 la
1464 741 1700 788 regolatrice
1730 751 1752 776 e
1781 740 1939 776 rettrice
1969 739 2007 775 di

1153 803 1254 838 tutte
1283 801 1320 837 le
1349 801 1469 844 altre3
1507 810 1627 837 senza
1661 799 1697 836 di
1736 799 1807 836 che
1836 809 1913 836 non
1943 809 2009 845 po-

1152 866 1291 903 trebbe
1319 866 1511 913 giungere
1550 875 1573 902 a
1606 864 1764 904 felicita.
1802 863 1858 901 Se
1886 864 2012 901 consi·

1156 924 1330 962 deriamc
1359 935 1436 962 una
1473 925 1560 962 sola
1589 935 1694 967 casa,
1732 925 1757 961 il
1786 924 1854 961 cui.
1877 923 1956 960 fine
1986 925 2009 960 e

1155 985 1286 1032 quello
1316 984 1352 1021 di
1390 994 1603 1031 preparare
1632 984 1642 1020 i
1671 982 1876 1031 famigliari
1907 994 1931 1020 a
1959 982 2013 1019 vi·

1155 1061 1251 1088 vere
1279 1050 1394 1093 bene,
1424 1052 1447 1087 8
1475 1050 1703 1087 necessario
1732 1050 1803 1086 che
1824 1059 1902 1086 uno
1922 1048 2010 1086 solo

1156 1117 1194 1152 la
1222 1115 1327 1163 guidi
1349 1126 1371 1152 e
1399 1118 1537 1163 regga,
1566 1115 1697 1161 quello
1726 1115 1798 1152 che
1827 1113 2011 1151 chiamasi

1156 1175 1279 1222 padre
1308 1174 1345 1212 di
1379 1174 1552 1222 famiglia
1589 1185 1614 1211 o
1652 1174 1712 1211 chi
1749 1174 1854 1211 tiene
1884 1173 1907 1209 il
1938 1183 2011 1210 suo

1155 1243 1286 1287 posto,
1315 1239 1490 1277 secondo
1519 1241 1556 1276 le
1576 1240 1712 1286 parole
1742 1239 1804 1276 del
1820 1237 2027 1276 Filosofoz³

1158 1304 1263 1353 Ogni
1283 1316 1377 1342 casa
1397 1307 1419 1342 ὲ
1439 1307 1542 1342 retta
1560 1304 1623 1341 dal
1645 1305 1709 1351 piu
1720 1304 1898 1341 anziano.
1916 1303 1973 1340 Ed
1989 1305 2012 1340 ὲ

1157 1364 1292 1402 ufficio
1312 1375 1397 1407 suo,
1427 1374 1538 1401 come
1560 1364 1754 1401 asserisce
1784 1362 1945 1405 Omero‚
1975 1362 2012 1398 di

1158 1430 1342 1478 regolare
1380 1429 1467 1466 tutti
1506 1429 1555 1466 ed
1584 1429 1752 1474 imporre
1786 1428 1913 1476 leggi;
1943 1438 2014 1474 per

1161 1491 1304 1537 questo
1324 1499 1437 1526 corre
1467 1499 1578 1526 come
1607 1488 1817 1534 proverbio
1833 1486 2015 1533 quell’im-

1160 1549 1414 1595 precazione:
1445 1546 1530 1584 Che
1559 1550 1600 1584 tu
1630 1547 1745 1584 abbia
1764 1547 1801 1582 in
1822 1556 1915 1583 casa
1936 1555 2013 1583 uno

1162 1614 1266 1660 pari!
1296 1613 1350 1651 Se
1371 1612 1656 1650 consideriamo
1672 1622 1749 1648 una
1768 1610 1969 1654 contrada,
1990 1611 2014 1647 il

1163 1679 1222 1716 cui
1243 1678 1323 1715 fine
1353 1680 1375 1715 e
1391 1689 1441 1715 un
1461 1676 1577 1714 facile
1607 1677 1713 1713 aiuto
1730 1678 1841 1713 tanto
1861 1676 1898 1713 di
1927 1686 2015 1722 per-

1163 1755 1261 1782 sone
1290 1745 1437 1790 quanto
1458 1742 1495 1779 di
1516 1753 1622 1784 cose,
1644 1742 1835 1779 conviene
1850 1741 1922 1778 che
1938 1751 2016 1778 uno

1157 1804 1216 1840 sia
1240 1804 1264 1840 il
1285 1803 1524 1850 regolatore‚
1549 1813 1574 1839 o
1598 1801 1772 1838 stabilito
1800 1800 1851 1838 da
1879 1801 1965 1837 altri
1990 1811 2015 1837 o

1158 1863 1289 1909 quello
1309 1863 1380 1899 che
1400 1864 1461 1898 tra
1494 1862 1579 1898 loro
1612 1861 1773 1907 prevale
1802 1871 1874 1906 per
1903 1860 2015 1897 altrui

1158 1931 1373 1960 consenso:
1403 1921 1609 1958 altrimenti
1638 1931 1715 1957 non
1745 1920 1777 1956 si
1797 1920 2016 1967 raggiunge

1161 1983 1198 2018 la
1219 1984 1351 2018 mutua
1398 1979 1648 2023 sufficienza;
1678 1980 1748 2016 che
1778 1990 1822 2016 se
1852 1979 2018 2015 talvolta

200 2183 211 2190 ‘
263 2189 288 2207 ⁰
329 2184 372 2223 εἰ
392 2185 699 2223 consideremus
725 2196 844 2223 mmm
879 2185 1096 2224 hommem.
1124 2188 1253 2220 Thom.
1284 2189 1322 2220 in
1349 2188 1436 2220 Eth.
1463 2188 1492 2228 Ι,
1527 2187 1551 2220 1.
1580 2187 1641 2219 10ἃ
1693 2196 1712 2218 α
1740 2187 1786 2219 Et
1825 2187 1912 2227 quia
1950 2195 2018 2217 me-

238 2233 343 2267 lioris
369 2236 555 2276 potentiae
581 2236 710 2268 melior
736 2239 792 2268 est
817 2237 993 2277 operatio,
1015 2238 1061 2269 'ut
1087 2246 1199 2277 supra
1223 2236 1364 2268 dictum
1390 2237 1457 2275 est,
1483 2244 1708 2276 consequens
1737 2237 1793 2266 est
1817 2234 1914 2276 quod
1939 2243 2020 2274 ope-

238 2282 334 2314 ratio
370 2282 509 2323 optima
547 2282 706 2315 hominis
732 2283 782 2315 sit
807 2283 972 2323 operatio
997 2284 1078 2315 eius
1104 2283 1201 2324 quod
1226 2283 1338 2316 estin
1357 2283 1505 2315 homine
1518 2283 1711 2323 optimum.
1727 2282 1774 2314 Et
1788 2282 1856 2314 hoc
1870 2281 2018 2323 quidem

237 2329 436 2362 secundum
461 2331 514 2361 rei
540 2330 733 2362 veritatem
758 2332 814 2363 est
840 2331 1111 2364 intellectus...
1153 2330 1246 2363 Ibid.
1274 2330 1414 2371 optima
1451 2331 1615 2370 operatio
1655 2330 1753 2362 inter
1790 2329 2019 2371 operationes

238 2375 418 2409 hmnanas
443 2379 499 2409 est
525 2377 730 2418 speculatio
754 2378 938 2411 veritatis.

334 2425 479 2465 Omnis
502 2426 694 2465 domus...
722 2430 837 2470 Arist.
857 2431 937 2463 Pol.
957 2431 987 2471 Ι,
1006 2431 1039 2463 7.
1071 2431 1215 2472 Reputo
1239 2432 1445 2463 necessarIo
1471 2430 1651 2471 riportare
1667 2430 1732 2471 qui
1758 2430 1792 2462 le
1819 2429 1942 2470 parole
1959 2428 2019 2460 del

239 2476 378 2509 Comm.
406 2477 443 2508 di
470 2477 506 2510 S.
534 2478 707 2510 Tomaso:
735 2489 754 2509 «
770 2478 864 2517 Quia
881 2479 1001 2510 omnis
1025 2478 1156 2510 domus
1182 2478 1322 2519 regitur
1347 2479 1392 2510 ab
1418 2478 1541 2519 aliquo
1578 2478 1838 2518 antiquissimo
1876 2477 1972 2508 siout
1998 2485 2019 2507 a

238 2524 506 2568 patretsamilias
531 2527 710 2567 reguntur
735 2526 818 2558 filii.
855 2526 903 2558 Et
928 2526 1060 2558 exinde
1086 2526 1272 2567 contingit
1296 2525 1393 2567 quod
1418 2526 1528 2557 etiam
1555 2527 1634 2557 tota
1647 2525 1798 2564 vicinia,
1824 2534 1915 2565 quae
1941 2524 2019 2555 erat

238 2571 415 2604 instituta·
431 2581 476 2603 ex
492 2573 788 2612 consanguineis,
813 2574 1007 2614 regebatur
1031 2576 1181 2614 propter
1199 2574 1453 2614 cognationem
1491 2573 1536 2605 ab
1561 2573 1687 2613 aliquo
1704 2573 1767 2613 qui
1783 2574 1861 2603 erat
1887 2571 2020 2614 prinei-

238 2617 334 2660 118ῑί8
358 2619 398 2650 111
423 2620 640 2660 cognatione
666 2621 763 2652 sicut
780 2621 915 2653 civitas
941 2621 1084 2661 regitur
1101 2631 1122 2652 a
1142 2630 1238 2662 rege.
1267 2620 1372 2652 Unde
1388 2621 1567 2653 Homerus
1593 2620 1690 2651 dixit
1715 2619 1810 2660 quod
1828 2618 2019 2659 unusquis-

241 2675 309 2706 que
351 2666 455 2698 uxori
489 2668 525 2698 et
562 2667 686 2707 pueris
723 2668 802 2700 81118
835 2668 1004 2700 instituit
1030 2668 1131 2709 leges
1161 2668 1258 2700 sicut
1284 2677 1348 2700 rex
1385 2668 1423 2699 in
1465 2668 1631 2699 civitate.
1670 2667 1755 2698 Ideo
1793 2668 1914 2697 autem
1952 2665 2019 2696 1108

239 2713 401 2755 regimen
428 2723 450 2745 a
474 2713 642 2746 domibus
667 2716 704 2746 et
729 2715 824 2746 vicis
861 2715 1040 2755 processit
1066 2715 1111 2747 ad
1136 2715 1309 2748 civitates
1335 2715 1423 2756 quia
1449 2715 1587 2747 diversi
1613 2714 1687 2745 vici
1715 2719 1801 2745 sunt
1838 2714 1936 2745 sic-ut
1972 2712 2020 2744 ci-

239 2760 339 2792 vitas
375 2760 540 2800 dispersa
580 2761 619 2793 in
661 2761 826 2794 diversas
868 2764 1060 2803 partes.....
1101 2762 1161 2794 Sic
1189 2772 1277 2802 ergo
1309 2764 1412 2802 patet
1449 2762 1545 2802 quod
1583 2762 1743 2801 reginum
1783 2762 1882 2801 regis
1910 2768 2020 2799 super

239 2807 428 2839 civitatem
455 2808 514 2840 vel
528 2810 673 2849 gentem
689 2809 867 2849 processit
880 2819 901 2840 a
915 2809 1094 2850 regimine
1120 2808 1342 2850 antiquioris
1362 2811 1399 2841 in
1417 2809 1523 2841 domo
1540 2809 1600 2840 vel
1619 2809 1746 2840 vico».
1768 2808 1898 2839 Omero
1915 2806 2021 2847 pat-la

243 2853 302 2885 (181
328 2854 397 2886 soli
423 2854 567 2895 Ciclopi
594 2865 664 2887 non
691 2856 729 2888 di
756 2856 854 2888 tutte
881 2856 915 2888 18
942 2857 1046 2898 genti
1073 2855 1156 2899 (od.
1177 2856 1241 2895 IX,
1261 2856 1342 2898 106,
1365 2856 1430 2888 144
1463 2857 1556 2894 145),
1582 2866 1639 2886 ma
1666 2855 1836 2893 l’errore,
1861 2864 1962 2886 come
1987 2856 2018 2886 81

243 2900 345 2939 vade,
383 2902 441 2940 D.‚
479 2902 545 2934 che
570 2912 643 2934 non
668 2912 730 2935 era
755 2903 794 2935 in
821 2903 935 2944 grado
960 2903 998 2935 di
1033 2903 1253 2935 controllare
1278 2903 1307 2935 il
1333 2905 1428 2935 testo
1453 2907 1572 2944 g‘reco,
1599 2903 1634 2934 lo
1660 2903 1786 2934 derivat
1812 2902 1859 2934 dn
1884 2903 1919 2933 S.
1952 2901 2021 2934 To·-

246 2955 356 2980 maso.
384 2948 460 2981 Ofr.
476 2949 659 2990 Chistoni‚
686 2951 738 2982 La
763 2950 921 2982 soconda.
948 2951 1025 2982 tuse
1042 2950 1101 2982 del
1119 2950 1287 2991 pensiero
1313 2950 1497 2986 danteseo,
1525 2960 1558 2990 p.
1586 2951 1642 2988 32,
1670 2952 1768 2981 nota.

338 2989 480 3030 parem
497 2992 654 3032 habeas
671 2994 711 3032 l'n
730 2993 864 3032 domo.
892 2997 1019 3030 Donde
1036 2999 1114 3029 trae
1131 2997 1175 3029 D.
1193 2999 1322 3038 questo
1339 2997 1531 3038 proverbio
1548 3006 1569 3029 o
1587 2998 1715 3037 questa
1741 2995 2022 3037 imprecazione?

246 3039 278 3072 11
304 3050 370 3072 suo
395 3042 604 3083 significato
630 3046 670 3078 e:
711 3045 788 3077 Che
813 3045 852 3076 111
878 3054 963 3076 casa
989 3047 1054 3077 tua
1079 3045 1113 3076 ci
1139 3045 1195 3076 sia
1221 3054 1293 3076 uno
1317 3045 1395 3076 ohe-
1420 3044 1546 3085 voglia
1572 3044 1787 3076 comendare
1815 3044 1849 3075 al
1876 3044 1956 3084 puri
1981 3042 2020 3075 di

244 3088 291 3127 te,
318 3088 449 3128 perche
473 3089 587 3122 allora
612 3093 646 3124 01
672 3092 754 3124 sara
782 3092 819 3124 in
846 3101 927 3124 essa
952 3092 1139 3124 discordia
1164 3101 1183 3124 8
1210 3092 1354 3125 rovina.
