2248 3372
191 350 279 388 dem
294 348 509 396 Apostolus
538 346 587 383 ad
603 344 862 382 Timotheum:
886 356 902 374 <1
920 341 1046 386 Repo-

193 411 270 447 sita
297 410 361 446 est
388 407 475 444 mihi
503 415 651 443 corona
679 403 870 440 iustitiae:
886 415 903 432 »
930 410 1044 445 repo-

196 470 285 512 sita,
301 468 460 510 scilicet,
470 467 508 502 in
519 465 594 502 Dei
609 461 855 510 providentia
871 461 1045 496 aeterna-

194 527 365 566 Videant
391 535 491 563 nunc
533 524 692 561 iuristae
722 517 1046 567 praesumptuosi,

195 588 379 634 quantum
408 584 507 621 inim
535 583 613 620 sint
640 582 689 618 ab
718 581 783 617 illa
811 578 972 624 specula
991 587 1049 612 ra-

200 646 329 689 tionis,
349 644 452 682 unde
471 644 638 680 humana
657 651 766 677 mens
794 639 890 675 haec
911 636 1048 683 princi-

196 706 260 752 pia
300 703 535 750 speculatur,
565 703 606 738 et
646 700 798 740 sileant,
837 695 1048 734 secundum

197 774 354 802 sensum
401 762 502 809 legis
546 759 747 797 consilium
789 759 830 794 et
870 755 1047 792 iudicium

200 823 385 861 exhibere
414 820 599 858 contenti.

254 882 303 919 Et
331 881 406 918 iam
447 878 693 916 manifestum
735 878 809 918 est,
838 874 943 921 quod
980 882 1050 919 per

199 941 368 979 duellum
399 939 596 976 Romanus
638 936 806 982 populus
848 933 1052 980 acquisivit

200 999 425 1046 Imperium:
468 1008 566 1044 ergo
604 995 653 1032 de
696 996 778 1031 iure
822 992 1050 1039 acquisivit3

202 1066 306 1112 quod
325 1067 388 1102 est
407 1062 618 1110 principale
635 1060 876 1107 propositum
896 1059 933 1095 in
953 1058 1052 1094 libro

202 1123 412 1171 praesenti.
427 1122 560 1168 Usque
589 1121 713 1157 adhuc
742 1122 852 1165 patet
880 1116 1054 1164 proposi-

203 1186 282 1221 tum
324 1194 394 1229 per
422 1182 598 1218 rationes
625 1190 726 1226 quae
769 1178 967 1224 plurimum
997 1187 1055 1212 ra-

204 1245 413 1287 tionalib'us
463 1245 656 1293 principiis
703 1245 939 1286 innituntur3
981 1241 1053 1279 sed

205 1307 391 1353 deinceps
418 1317 468 1342 ex
494 1304 689 1351 principiis
707 1303 800 1345 fidei
820 1302 1054 1339 christianae

205 1367 342 1404 iterum
371 1363 683 1412 patefaciendum
712 1365 786 1400 est.

258 1455 302 1493 ΧΙ
332 1455 438 1502 (ΧΠ).
468 1453 637 1490 Maxime
666 1452 766 1488 enim
803 1450 1055 1492 fremuerunt,

209 1516 251 1551 et
277 1514 407 1552 inania
443 1511 615 1549 meditati
659 1512 749 1548 sunt
776 1511 812 1546 in
843 1510 1056 1546 Romanum
1092 1534 1094 1542 <

207 1579 471 1625 principatum,
501 1577 564 1622 qui
597 1577 795 1612 zelatores
831 1574 923 1611 fidei
962 1575 1059 1611 chri-

209 1643 361 1680 stianae
380 1653 425 1680 se
440 1642 591 1684 dicunt;
607 1651 678 1678 nec
699 1635 857 1677 miseret
875 1651 947 1676 eos
966 1650 1060 1685 pau-

211 1717 349 1754 perum
378 1705 534 1749 Christi,
563 1706 702 1751 quibus
730 1715 806 1742 non
836 1705 960 1741 solum
994 1704 1061 1740 de-

211 1765 406 1803 fraudatio
417 1764 462 1802 tit
473 1765 508 1801 in
529 1764 779 1801 ecclesiarum
795 1764 1063 1809 proventibus,
1098 1785 1101 1816 l

212 1825 302 1871 quin
331 1825 407 1861 imo
436 1823 666 1870 patrimonia
693 1823 779 1868 ipsa
806 1822 978 1868 quotidie
1008 1832 1066 1858 ra·

212 1890 377 1936 piuntur,
399 1890 441 1925 et
458 1888 748 1934 depauperatur
768 1887 956 1929 Ecclesia,
977 1887 1064 1923 dum
1101 1915 1102 1925 ἢ

212 1947 435 1986 simulando
482 1947 676 1989 iustitiam.
728 1948 977 1983 executorem
1016 1947 1067 1983 iu·
1101 1954 1102 1960 ¹

211 2013 342 2051 stitiae
370 2023 448 2050 non
483 2012 699 2049 admittunt.
728 2011 810 2053 Nec
830 2012 903 2048 iam
925 2011 1068 2057 depau-

185 2121 212 2129 x

213 2078 366 2124 peratio
407 2077 496 2114 talis
538 2077 685 2123 absque
729 2077 801 2112 Dei
840 2076 981 2113 iudicio
1010 2075 1066 2112 fit,
1102 2054 1104 2093 ὲ
1140 2033 1263 2067 δῒῐῑιει,

215 2143 405 2195 ευῐτιῃεε
434 2135 680 2181 pauperibus,
710 2146 870 2180 quorum
891 2135 1070 2180 patrimo-
1102 2137 1104 2141 '

979 175 1108 200 PARTE
1133 174 1178 198 11.
1335 182 1338 184 -
1467 188 1470 189 γ
1692 177 1697 181 ·
1853 161 1923 194 165

479 247 1970 271 mmmmm

1117 338 1211 384 pote
1240 337 1264 373 il
1294 335 1481 372 cittadino
1525 346 1686 372 romano
1724 335 1896 381 ripetere
1934 335 1971 371 le

1121 390 1258 437 parole
1297 388 1625 435 dell'Apostoloa
1654 389 1834 425 Timoteo
1870 403 1888 420 ‹<
1916 389 1977 426 Mi

1116 444 1166 491 fu
1185 444 1335 496 riposta
1364 444 1405 479 la
1425 453 1572 479 corona
1602 443 1707 479 della
1728 442 1915 489 εξιίιείἱῑία
1935 458 1971 483 »,

1120 498 1282 544 riposta,
1321 495 1353 533 s’
1369 495 1527 533 intende
1558 506 1628 541 per
1656 498 1793 532 eterna
1822 496 1976 541 provvi-

1121 551 1246 592 denza
1275 549 1312 586 di
1357 549 1445 586 Dio.
1475 548 1641 588 Vedano
1684 559 1755 585 ora
1784 549 1793 584 i
1822 549 1974 595 giuristi

1121 604 1370 651 presuntuosi
1400 604 1546 649 quanto
1567 603 1678 639 siano
1698 603 1735 638 al
1756 602 1903 639 disotto
1937 602 1974 639 di

1121 663 1251 704 quella
1278 657 1441 704 specola
1468 655 1572 693 della
1599 656 1762 703 ragione
1787 655 1838 692 da
1858 656 1917 692 cui
1938 656 1976 692 la

1123 718 1252 753 mente
1283 721 1423 750 umana
1453 720 1619 747 osserva
1642 710 1769 755 questi
1790 709 1974 755 principii,

1123 778 1144 803 e
1193 779 1272 806 non
1331 765 1494 811 parlino,
1542 762 1891 800 accontentandosi
1938 763 1975 799 di

1123 822 1218 859 dare
1262 818 1455 865 consiglio
1485 828 1507 854 e
1535 816 1706 864 giudizio
1748 816 1924 853 secondo
1953 817 1976 852 il

1124 886 1243 913 senso
1264 874 1377 916 ,della
1405 871 1543 918 legge!
1574 869 1708 907 Ormai
1739 871 1761 906 ὲ
1781 880 1877 906 cosa
1896 870 1977 906 evi-

1124 929 1242 966 dente
1271 915 1342 965 che
1370 925 1395 962 il
1426 924 1579 970 Popolo
1604 923 1781 960 Romano
1801 923 1978 969 acquisto

1125 982 1312 1028 l’Impero
1341 981 1377 1016 in
1408 978 1540 1015 duello
1569 988 1592 1014 e
1612 977 1745 1023 percio
1774 976 1978 1022 l’acquisto

1125 1036 1162 1072 di
1192 1035 1335 1076 diritto‚
1365 1044 1388 1069 e
1417 1033 1559 1078 questo
1588 1033 1611 1067 e
1640 1031 1700 1067 cio
1738 1031 1809 1067 che
1851 1031 1917 1067 noi
1946 1031 1980 1067 ci

1126 1097 1420 1135 proponevamo
1450 1086 1486 1121 in
1515 1086 1657 1131 questo
1686 1084 1798 1121 libro.
1827 1083 1895 1120 Fin
1917 1084 1980 1130 qui

1126 1143 1149 1179 il
1180 1141 1383 1188 proposito
1404 1141 1427 1176 ὲ
1447 1140 1552 1176 stato
1581 1148 1674 1174 reso
1703 1137 1886 1174 evidente
1907 1148 1980 1174 con

1126 1195 1278 1243 ragioni
1308 1194 1382 1230 che
1411 1191 1634 1229 sitondano
1664 1191 1981 1237 principalmente

1126 1261 1173 1286 su
1202 1247 1362 1295 principi
1405 1245 1621 1288 razionali3
1651 1255 1722 1281 ora
1750 1246 1773 1282 e
1802 1244 1852 1281 da
1894 1255 1981 1281 ren-

1127 1302 1238 1339 derlo
1268 1300 1451 1338 evidente
1472 1298 1648 1336 secondo
1669 1298 1678 1334 i
1699 1299 1857 1344 principi
1878 1298 1982 1334 della
2046 1300 2049 1301 ⁷
2086 1284 2088 1286 V

1126 1355 1218 1393 fede
1246 1354 1441 1392 cristiana.

1182 1444 1224 1481 ΧΙ
1255 1443 1360 1490 (xn).
1382 1441 1534 1479 Contro
1555 1442 1590 1478 al
1616 1442 1832 1487 principato
1861 1451 1984 1478 roma-

1130 1508 1181 1534 no
1210 1498 1340 1533 hanno
1378 1495 1479 1532 fatto
1522 1506 1571 1532 un
1613 1506 1711 1542 gran
1754 1495 1922 1531 fremere
1961 1505 1982 1530 e

1131 1551 1274 1587 rivolto
1284 1549 1374 1586 vani
1386 1549 1553 1595 pensieri
1569 1549 1705 1585 coloro
1716 1549 1787 1585 che
1799 1549 1830 1585 si
1842 1548 1984 1584 dicono

1133 1603 1274 1642 zelanti
1317 1602 1421 1639 della
1467 1601 1558 1638 fede
1602 1602 1797 1645 cristiana,
1836 1603 1984 1638 mentre

1133 1668 1210 1694 non
1253 1657 1384 1692 hanno
1427 1656 1701 1701 compassione
1743 1655 1805 1692 dei
1849 1654 1986 1701 poveri

1136 1711 1172 1747 di
1193 1709 1327 1751 Cristo
1346 1720 1354 1752 ;
1375 1709 1445 1746 che
1467 1719 1543 1745 non
1565 1709 1652 1745 solo
1673 1719 1745 1745 son
1766 1702 1988 1745 defraudati

1136 1764 1199 1800 dei
1229 1763 1408 1809 proventi
1426 1762 1528 1799 delle
1549 1762 1692 1804 chiese,
1705 1773 1766 1798 ma
1782 1763 1873 1809 ogni
1889 1763 1990 1810 gior-

1137 1828 1188 1854 no
1204 1827 1304 1853 sono
1320 1816 1497 1852 derubati
1514 1815 1575 1852 del
1597 1816 1828 1861 patrimonio
1844 1818 1989 1853 stesso.

1140 1871 1172 1906 E
1208 1870 1240 1907 si
1280 1870 1506 1915 depaupera
1535 1870 1658 1906 anche
1688 1870 1724 1905 la
1754 1868 1901 1906 Chiesa
1929 1870 1989 1906 col

1139 1934 1216 1970 non
1259 1925 1487 1960 ammettere
1544 1934 1592 1959 un
1636 1925 1844 1959 esecutore
1887 1922 1990 1959 della

1139 1977 1331 2024 giustizia‚
1362 1987 1434 2022 pur
1462 1976 1650 2023 fingendo
1684 1987 1793 2012 amor
1834 1976 1870 2012 di
1913 1977 1993 2023 giu-

1324 2029 1459 2066 Ormai
1530 2030 1609 2066 tale
1671 2030 1992 2075 impoverimento

1141 2083 1245 2119 della
1274 2082 1420 2119 Chiesa
1450 2093 1525 2119 non
1570 2083 1736 2119 avviene
1766 2093 1886 2119 senza
1914 2083 1995 2129 giu-

1143 2136 1244 2172 dizio
1273 2136 1309 2172 di
1341 2135 1428 2177 Dio,
1459 2136 1600 2181 perche
1630 2146 1706 2172 non
1736 2137 1767 2172 si
1803 2136 1993 2173 sovviene

313 2336 539 2391 ΑροὲΙοΙυε
564 2343 623 2381 ad
648 2342 904 2381 TJmotheum.
945 2347 1112 2379 Timoteo
1139 2348 1177 2379 fu
1204 2347 1390 2388 disoepolo
1429 2359 1447 2380 e
1481 2358 1683 2390 oompagno
1721 2349 1759 2380 di
1797 2348 1832 2381 S.
1870 2350 1994 2383 Paolo.

219 2399 292 2448 Ep.
320 2407 368 2446 11,
393 2407 427 2445 4,
453 2406 488 2438 8.

321 2461 495 2501 Ul'deanl
516 2473 624 2500 nunc
650 2461 816 2500 l'vrl‘sfae
837 2462 1178 2508 ρΓᾶεΞυηῚΡΙυΟΞῘ,
1194 2462 1270 2501 ele.
1295 2463 1421 2499 Anche
1435 2466 1494 2498 nel
1511 2476 1651 2509 poeula,
1672 2478 1741 2509 pur
1758 2479 1828 2501 non
1843 2469 2000 2502 tenendo

224 2515 333 2546 conto
358 2514 456 2544 dello
482 2513 587 2553 sfogo
613 2513 649 2543 ‹li
677 2513 762 2544 odio
788 2513 977 2553 personale
1002 2516 1128 2545 contro
1154 2514 1270 2545 Baldo
1295 2514 1332 2545 di
1359 2515 1581 2556 Aguglione,
1611 2515 1721 2547 Fazio
1762 2516 1797 2547 di
1827 2516 1941 2557 Signa
1982 2527 2001 2548 e

228 2561 328 2602 Lapo
354 2559 555 2601 Saluo-elli,
584 2561 595 2591 i
622 2560 773 2601 giuristi
800 2569 888 2592 sono
913 2561 1148 2592 maltrattati.
1178 2561 1251 2594 Cfr.
1278 2562 1394 2594 Conv·
1421 2562 1488 2602 ΙΙΙ,
1518 2562 1571 2602 19,
1600 2563 1661 2601 IV,
1688 2563 1746 2595 27.
1775 2564 1906 2596 Dico...
1935 2564 2002 2596 ohe

222 2608 336 2650 quelli
365 2607 523 2648 oonsigli
553 2607 620 2639 ohe
646 2618 717 2639 non
743 2607 865 2638 hanno
891 2609 1047 2648 ris-petto
1073 2609 1147 2640 alla
1172 2611 1236 2640 tua.
1261 2611 1339 2640 arte
1364 2620 1382 2639 e
1410 2610 1614 2649 procedouo
1632 2610 1710 2642 solo
1735 2611 1877 2650 (laquel
1906 2612 2000 2643 buon

222 2665 334 2689 senno
361 2655 426 2687 ohe
454 2655 559 2686 Iddio
585 2654 615 2686 ti
641 2655 758 2692 diede,
786 2657 825 2686 tu
856 2655 917 2686 nol
943 2655 1000 2687 dei
1029 2655 1185 2687 vendere
1211 2655 1242 2687 a'
1270 2656 1431 2696 figliuoli
1457 2657 1495 2688 di
1522 2658 1628 2688 Colui
1655 2658 1720 2689 vhe
1736 2658 1860 2690 tel'ha
1872 2659 2001 2692 dato...

223 2702 341 2745 quelli
366 2703 433 2734 ohe
460 2702 581 2734 hanno
608 2702 761 2742 rispetto
787 2700 988 2736 alvariza...
1014 2703 1150 2734 vender
1176 2703 1276 2743 vuol,
1304 2713 1361 2735 ma
1387 2713 1456 2734 non
1485 2707 1517 2736 si
1543 2705 1608 2735 elie
1623 2714 1692 2736 non
1720 2707 1749 2737 si
1765 2715 2001 2745 convengano

224 2750 356 2783 alonna
380 2750 481 2781 volta
508 2749 688 2780 decimare
714 2758 732 2779 e
758 2749 844 2780 dare
869 2759 890 2780 a
916 2749 998 2782 Dio.
1017 2750 1095 2781 oioe
1112 2750 1147 2781 ai
1166 2751 1348 2782 miserim.
1370 2751 1445 2784 Csr.
1465 2751 1673 2790 Booenecio,
1690 2752 1737 2785 De
1751 2763 1832 2791 gen.
1852 2753 1949 2791 XIV,
1965 2755 1999 2785 4.

322 2797 361 2830 ΧΙ
377 2796 476 2839 (xn).
501 2793 703 2831 zelaffores
723 2791 829 2835 fide?
852 2792 1110 2838 chrisll'anee,
1143 2807 1231 2829 sono
1257 2798 1310 2837 gli
1337 2799 1594 2839 eeclesia-itini,
1611 2801 1758 2839 segimoi
1784 2800 1881 2832 della
1900 2803 2002 2841 parte

226 2843 364 2886 guelfa,
380 2854 422 2876 su
437 2845 497 2892 oui
526 2845 644 2876 Dante
670 2843 810 2883 smnglia
836 2842 860 2874 l'
877 2843 1070 2877 invettiva:
1099 2841 1256 2884 Ogente
1282 2845 1349 2876 ohe
1374 2846 1650 2877 ‹lovrestiesser
1663 2847 1808 2889 devota,
1826 2847 2002 2880 Elasoiar

227 2890 328 2922 seder
364 2891 474 2923 Cesar
511 2892 606 2923 sulla
645 2891 747 2928 sella,
774 2892 818 2922 Se
856 2891 945 2922 bene
972 2890 1111 2923 intendi
1138 2891 1196 2922 oio
1220 2891 1289 2923 ohe
1317 2891 1386 2923 Dio
1412 2893 1440 2924 ti
1469 2896 1567 2925 nota.
1598 2893 1709 2934 Purg.
1739 2894 1800 2932 VI,
1827 2895 1884 2928 91.
1918 2906 1999 2936 sgg.

230 2937 358 2969 Parati.
384 2938 446 2970 v1.
471 2949 506 2979 q.
535 2941 555 2969 8
582 2948 663 2979 agg.
1877 2931 1881 2935 ’

322 2991 454 3028 neque
477 2984 532 3020 ab
557 2982 753 3026 offerente
777 2981 956 3027 imperio.
1001 2985 1095 3017 Eooo
1122 2985 1279 3017 labella
1317 2987 1546 3027 gratitudine
1588 2987 1686 3020 della
1728 2988 1861 3021 Chiesa
1899 2999 2003 3022 verso

232 3030 437 3071 l’Innpet-o:
466 3035 634 3065 ottenuto
661 3034 687 3064 il
715 3042 816 3074 poco,
846 3033 1017 3072 pretende
1044 3033 1071 3064 il
1099 3033 1213 3064 tutto!

325 3078 373 3109 Le
401 3080 523 3119 parole
547 3080 583 3112 di
614 3081 657 3112 l).
686 3081 875 3112 sembrano
901 3090 973 3111 una
1000 3081 1157 3120 risposta
1185 3081 1260 3111 alla
1285 3081 1432 3121 predica
1458 3082 1493 3113 di
1527 3082 1741 3115 Ildebrzmdo
1766 3094 1787 3116 o
1825 3085 1870 3115 ad
1909 3084 2005 3116 altra

228 3126 431 3158 consimile.
460 3126 552 3158 Vedi
579 3126 775 3159 D’ovidio.
804 3127 911 3159 studi
937 3127 1034 3159 sulla
1060 3127 1102 3159 D.
1129 3127 1168 3163 C.
1201 3128 1252 3159 La
1278 3129 1463 3169 propriata
1488 3129 1739 3163 ecclesiastiea
1764 3132 1920 3164 secondo
1959 3132 2004 3164 D.

229 3181 250 3205 e
275 3182 324 3204 un
351 3173 462 3215 luogo
488 3173 546 3206 (lel
574 3173 626 3206 De
652 3174 749 3207 Mon.
