2248 3372
276 165 341 198 186
902 174 941 200 Π,
966 177 1168 203 ΤΒΑΤΤΔΤΟ
1194 179 1325 203 DELLA
1351 179 1593 206 MONARcfflA

277 338 316 374 V.
347 337 597 375 Assummunt
647 340 762 376 etiam
806 343 1073 388 argumentum
1113 378 1115 392 ¹

223 402 271 438 de
317 403 447 439 littera
490 404 634 451 Moysi,
664 405 840 443 dicentes
881 406 985 452 quod
1023 407 1073 444 de
1113 445 1115 448 ,

1112 449 1115 493 ἕ
1146 452 1276 490 fianco
1305 454 1342 491 di
1372 455 1574 492 Giacobbe
1603 467 1730 493 venne
1768 457 1791 493 il
1830 457 1995 495 simbolo

223 466 372 504 temore
418 468 543 512 Jacob
598 469 711 506 fluxit
764 470 892 518 figura
938 473 1072 509 horum

223 531 386 568 duorum
406 533 644 580 regiminum,
665 535 754 581 quia
774 536 868 573 Levi
889 540 929 574 et
949 537 1072 580 Iudas;

222 607 383 642 quorum
431 599 531 635 alter
575 599 648 636 fuit
693 603 806 646 pater
850 603 1071 644 sacerdotii,

222 662 321 698 alter
340 674 437 700 vero
453 665 651 711 regiminis
665 667 902 712 temporalis.
920 667 1071 704 Deinde

221 727 276 763 sic
320 731 488 775 atguunt
529 741 578 767 ex
619 731 685 768 iis:
731 732 829 768 sicut
867 744 910 769 se
940 734 1074 770 habuit

222 798 316 835 Levi
346 799 395 835 ad
424 800 564 842 Iudam,
595 802 650 838 sic
679 813 723 839 se
753 804 871 840 habet
898 804 1073 841 Ecclesia
1111 815 1113 830 ⁸

222 863 271 900 ad
300 863 511 910 Imperium;
554 866 648 903 Levi
691 870 908 913 praecessit
945 869 1072 906 ludam

221 929 257 965 in
303 930 557 975 nativitatem,
603 934 644 968 ut
686 936 795 978 patet
833 934 868 970 in
899 934 1070 971 Littera:

225 1004 322 1041 ergo
354 995 531 1035 Ecclesia
559 998 760 1042 praecedit
802 999 1000 1045 Imperium
1035 1001 1071 1036 in

222 1060 467 1097 auctoritate.
489 1061 538 1097 Et
565 1063 638 1099 hoc
667 1074 764 1100 vero
793 1064 842 1100 de
871 1063 974 1101 facili
994 1066 1072 1102 sol-

220 1124 348 1167 vitur;
378 1136 465 1162 nam
494 1137 578 1163 cum
608 1128 750 1171 dicunt,
779 1129 883 1175 quod
914 1130 1007 1166 Levi
1032 1133 1072 1167 et

169 1222 183 1234 2
220 1188 344 1232 Iudas,
382 1190 450 1227 filii
489 1191 614 1235 Iacob,
644 1192 817 1240 figurant
853 1195 930 1231 ista
961 1195 1071 1244 (duo)

221 1261 421 1308 regimina,
452 1274 607 1309 possem
637 1266 811 1302 similiter
838 1266 911 1303 hoc
946 1267 1073 1304 interi-

222 1326 362 1363 mendo
391 1327 631 1366 dissolvere:
661 1330 733 1366 sed
753 1331 1002 1368 concedatur.
1023 1332 1073 1369 Et

221 1401 336 1436 quum
379 1393 582 1439 arguendo
626 1394 814 1432 inferunt:
845 1397 944 1433 sicut
977 1397 1071 1434 Levi

222 1466 290 1500 pra
318 1457 422 1493 cedit
450 1458 485 1494 in
515 1460 732 1503 nativitate,
753 1461 808 1498 sic
839 1462 1015 1499 Ecclesia
1035 1464 1071 1500 in

224 1523 469 1566 auctoritate,
487 1523 574 1561 dico
609 1526 793 1569 similiter,
823 1527 927 1573 quod
970 1529 1072 1566 aliud

221 1590 283 1623 est
311 1588 575 1633 praedicatum
604 1592 880 1635 conclusionis,
901 1595 942 1629 et
970 1594 1072 1630 aliud

222 1653 378 1690 maioris
389 1655 625 1692 extremitas:
655 1667 741 1693 nam
753 1657 856 1694 aliud
872 1665 934 1695 est
944 1661 1075 1696 aucto-

222 1717 316 1754 ritas
358 1721 399 1754 et
441 1720 543 1756 aliud
595 1722 780 1759 nativitas
813 1716 990 1760 subiecto
1033 1726 1074 1760 et

221 1783 395 1827 ratione;
426 1788 586 1830 propter
614 1786 718 1832 quod
738 1790 922 1833 peccatur
941 1789 977 1825 in
998 1788 1075 1826 ior-

226 1864 298 1890 ma.
330 1854 378 1890 Et
406 1858 469 1892 est
497 1857 630 1893 similis
659 1868 870 1903 processus
898 1860 1008 1896 huic:
1039 1859 1073 1896 A

224 1920 427 1964 praecedit
455 1921 488 1957 Β
517 1922 552 1957 in
584 1921 639 1965 C;
670 1922 705 1958 D
734 1925 775 1959 et
805 1923 836 1959 E
864 1932 908 1960 se
928 1925 1074 1961 habent

222 1986 264 2021 ut
291 1984 326 2021 A
355 1988 395 2021 et
424 1985 478 2021 B:
510 1997 607 2034 ergo
637 1987 672 2023 D
702 1988 902 2033 praecedit
922 1989 953 2025 E
973 1990 1008 2026 in
1029 1990 1071 2033 F;

1201 342 1242 377 V.
1271 342 1480 380 Prendono
1511 354 1607 390 pure
1637 320 1870 391 argomento
1890 345 1996 383 dalla

1148 395 1328 432 scrittura
1378 396 1415 432 di
1445 397 1576 439 Mose,
1606 397 1772 435 dicendo
1818 398 1889 435 che
1931 398 1994 436 dal

1147 506 1184 542 di
1213 508 1339 552 questi
1360 508 1435 545 due
1456 510 1580 554 poteri
1602 520 1675 546 con
1696 510 1789 546 Levi
1810 521 1833 547 e
1854 510 1994 554 Giuda,

1112 567 1114 576 ¹
1147 570 1230 596 uno
1245 560 1307 597 dei
1327 562 1429 607 quali
1449 561 1490 599 fu
1510 562 1630 608 padre
1660 562 1722 599 del
1752 563 1994 607 sacerdozio,

1147 618 1170 654 l’
1187 619 1288 656 altro
1316 620 1378 657 del
1407 631 1585 668 governo
1605 622 1834 668 temporale.
1856 622 1888 658 E
1906 633 1994 669 pro-

1146 683 1326 719 seguono
1355 676 1438 711 cosi
1466 675 1529 711 nel
1559 675 1644 711 loro
1677 676 1993 723 ragionamento:

1148 724 1276 770 Quale
1307 727 1401 763 Levi
1430 727 1471 763 fu
1500 728 1666 774 rispetto
1695 739 1718 764 a
1747 728 1886 772 Giuda,
1911 730 1995 766 cosi
2030 758 2044 764 t

1147 779 1185 814 la
1215 778 1361 816 Chiesa
1389 782 1412 817 e
1432 781 1597 826 rispetto
1626 780 1865 827 all'Impero;
1899 782 1994 819 Levi

1147 838 1375 883 precedette
1405 838 1533 876 Giuda
1561 840 1664 876 nella
1692 841 1853 882 nascita,
1883 850 1994 878 come
2060 858 2066 861 -
2114 870 2119 875 .

1147 891 1178 927 si
1208 891 1332 928 rileva
1361 891 1465 928 dalla
1506 891 1718 936 Scrittura3
1761 893 1915 940 dunque
1956 894 1995 930 la
2061 903 2065 906 ·

1148 942 1295 980 Chiesa
1323 945 1492 990 precede
1523 956 1592 991 per
1611 946 1994 992 autorital'lmpero.

1149 996 1305 1041 Questo
1334 1002 1565 1045 argomento
1603 1001 1626 1035 e
1662 998 1778 1036 facile
1807 1010 1831 1036 a
1851 999 1995 1036 confu-

1146 1057 1254 1098 tarsi,
1284 1058 1426 1102 perche
1456 1057 1762 1095 l'affermazione
1799 1059 1870 1095 che
1899 1058 1994 1096 Levi

1146 1121 1168 1146 e
1199 1109 1338 1152 Giuda,
1367 1110 1450 1157 figli
1479 1111 1516 1147 di
1547 1110 1762 1155 Giacobbe,
1791 1112 2019 1162 simbolegffi

1145 1162 1263 1209 giano
1306 1164 1316 1199 i
1359 1163 1434 1200 due
1474 1163 1659 1206 Governi,
1698 1165 1824 1210 potrei
1860 1166 1995 1212 egual-

1146 1224 1274 1258 mente
1330 1222 1593 1270 distruggerla
1660 1223 1855 1271 negando.
1890 1243 1894 1246 ·
1926 1223 1995 1261 Ma

1145 1276 1446 1313 ammettiamolo
1475 1287 1582 1321 pure.
1614 1276 1645 1312 E
1686 1276 1841 1322 quando
1883 1287 1996 1324 argo-

1146 1329 1355 1365 mentando
1403 1329 1696 1366 conchiudono:
1728 1329 1852 1367 Come
1900 1330 1995 1366 Levi

1146 1381 1374 1427 precedette
1402 1382 1464 1418 nel
1486 1392 1662 1425 nascere,
1683 1384 1766 1419 cosi
1790 1383 1828 1419 la
1848 1381 1995 1420 Chiesa

1146 1435 1315 1480 precede
1345 1435 1381 1471 in
1412 1436 1592 1477 autorita,
1622 1436 1761 1481 ripeto,
1790 1446 1901 1472 come
1929 1446 1994 1472 so-

1146 1504 1228 1539 pra,
1258 1494 1329 1530 che
1358 1505 1435 1530 una
1463 1505 1558 1531 cosa
1578 1494 1870 1540 eilpredicato
1890 1494 1994 1531 della

1147 1547 1397 1594 conclusione
1439 1547 1489 1583 ed
1535 1547 1598 1583 un’
1615 1548 1715 1584 altra
1760 1548 1784 1584 il
1831 1547 1994 1584 termine

1149 1608 1320 1642 estremo
1361 1606 1466 1642 della
1496 1607 1709 1653 maggiore‚
1738 1606 1894 1652 perche,
1924 1615 1995 1652 per

1146 1662 1335 1706 soggetto
1364 1670 1387 1696 e
1417 1670 1486 1705 per
1526 1660 1701 1706 ragione,
1731 1669 1808 1696 una
1848 1669 1944 1696 cosa
1972 1660 1996 1695 e

1148 1718 1171 1754 l'
1184 1719 1354 1755 autorita
1383 1718 1432 1754 ed
1453 1719 1552 1767 altra
1572 1719 1609 1754 la
1629 1718 1790 1755 nascita.
1810 1716 1852 1755 Si
1875 1728 1996 1764 pecca
2025 1768 2029 1771 “

1148 1772 1270 1808 anche
1297 1772 1361 1817 qui
1391 1772 1494 1808 nella
1521 1770 1658 1813 forma,
1675 1771 1725 1808 ed
1757 1772 1780 1807 il
1819 1770 1996 1817 procedi-

1148 1827 1279 1861 mento
1309 1825 1332 1861 e
1360 1825 1482 1861 simile
1512 1835 1535 1861 a
1563 1826 1725 1870 questo:
1754 1823 1789 1860 A
1826 1823 1995 1870 precede

1148 1884 1180 1920 B
1200 1884 1236 1920 in
1258 1882 1313 1926 C;
1334 1883 1370 1919 D
1390 1883 1439 1919 ed
1461 1883 1492 1919 E
1520 1886 1661 1919 stanno
1690 1882 1750 1919 tra
1778 1883 1864 1919 loro
1883 1892 1995 1919 come

1147 1936 1180 1973 Α
1209 1947 1231 1973 e
1262 1936 1306 1979 B;
1335 1936 1488 1982 dunque
1533 1936 1568 1972 D
1610 1936 1777 1981 precede
1818 1935 1849 1971 E
1885 1935 1922 1971 in
1951 1933 1994 1978 F;

1147 1991 1295 2026 mentre
1323 1989 1353 2025 F
1383 2000 1404 2025 e
1435 1988 1470 2025 C
1499 1999 1598 2025 sono
1627 1988 1836 2025 differenti.
1969 1994 1971 1997 ⁴

319 2200 355 2231 V.
381 2197 432 2235 de
448 2197 575 2236 littera
592 2198 941 2246 Moysij55milil‘2n
969 2203 1060 2236 Gen.
1089 2203 1222 2242 XXIX,
1250 2203 1366 2234 34-35.
1393 2203 1505 2243 Purg.
1533 2202 1630 2242 XVI,
1659 2202 1739 2234 130.

789 2273 843 2305 Ed
870 2283 911 2306 or
935 2274 1102 2306 discerno
1127 2274 1259 2314 perche
1283 2273 1344 2305 dal
1360 2273 1527 2314 retaggio

839 2333 855 2364 I
882 2333 963 2374 figli
988 2333 1026 2365 di
1053 2333 1145 2365 Levi
1171 2332 1301 2364 surono
1326 2331 1446 2364 esenti

318 2401 409 2433 Levi
447 2402 615 2442 figliuol·)
651 2403 879 2444 terzogeuito
903 2404 942 2435 di
976 2403 1157 2435 Giaoobbe
1182 2413 1201 2434 e
1227 2403 1267 2434 di
1291 2403 1380 2443 Βίας
1420 2402 1552 2441 Giuda,
1578 2402 1606 2433 il
1634 2402 1828 2442 patriarca,
1854 2402 1998 2442 quarto-

223 2461 373 2501 genito:
402 2460 426 2492 l’
441 2471 512 2492 uno
537 2471 557 2493 e
583 2461 606 2492 l'
621 2461 718 2494 altro
742 2463 957 2502 eapostipiti
983 2463 1021 2494 di
1047 2463 1119 2494 due
1144 2461 1201 2493 fra
1226 2462 1261 2493 le
1288 2461 1411 2493 dodini
1437 2461 1536 2493 tribu
1562 2460 1597 2492 d'
1614 2461 1760 2510 Israele.
1798 2459 1849 2491 Le
1874 2459 1998 2500 parole

223 2520 321 2552 della
347 2520 479 2552 Bibbia
503 2519 628 2564 (Num.
653 2521 791 2559 XVIII,
818 2521 890 2560 20).
919 2533 938 2552 «
954 2521 983 2552 E
1009 2521 1038 2552 il
1064 2520 1217 2562 Signore
1242 2520 1340 2552 diase
1367 2520 1411 2551 ad
1441 2520 1608 2552 Aronne:
1638 2519 1704 2550 Voi
1735 2527 1807 2550 non
1834 2518 1998 2559 possedo-

225 2582 299 2611 tete
326 2580 429 2611 nulla
454 2579 552 2611 della
577 2582 675 2612 terra
699 2580 758 2612 dei
784 2581 899 2612 vostri
927 2580 1066 2612 fratelli
1092 2590 1111 2611 e
1138 2589 1210 2611 non
1252 2581 1376 2611 avrete
1413 2580 1518 2618 parte
1544 2578 1619 2610 alla
1657 2578 1736 2610 loro
1771 2577 1996 2612 eredita...»

223 2648 311 2670 sono
337 2638 464 2670 valido
490 2635 701 2680 arg-*omento
726 2649 790 2679 per
816 2640 851 2671 la
877 2639 945 2671 tesi
972 2639 1011 2670 di
1039 2639 1169 2677 Dante,
1195 2638 1261 2670 ohe
1288 2638 1324 2669 la
1363 2636 1498 2669 Chiesa
1536 2647 1608 2669 non
1650 2637 1741 2668 deve
1778 2636 1925 2668 tendere
1961 2635 1996 2668 al
2022 2690 2024 2693 Ι

223 2707 390 2738 possesso
415 2698 474 2730 dei
501 2698 584 2730 beni
610 2698 817 2739 temporali.

321 2773 513 2816 simililer,
540 2776 617 2807 eioe
641 2785 741 2807 come
767 2776 814 2807 ho
841 2775 935 2807 fatto
962 2775 1060 2807 della
1087 2774 1301 2815 precedente
1327 2774 1659 2815 argomentazione.
