<?xml version="1.0" encoding="UTF-8"?>
<!DOCTYPE html PUBLIC "-//W3C//DTD XHTML 1.0 Transitional//EN"
    "http://www.w3.org/TR/xhtml1/DTD/xhtml1-transitional.dtd">
<html xmlns="http://www.w3.org/1999/xhtml" xml:lang="en" lang="en">
 <head>
  <title>
</title>
<meta http-equiv="Content-Type" content="text/html;charset=utf-8" />
  <meta name='ocr-system' content='tesseract 3.04.00' />
  <meta name='ocr-capabilities' content='ocr_page ocr_carea ocr_par ocr_line ocrx_word'/>
</head>
<body>
  <div class='ocr_page' id='page_1' title='image "./iltrattatodellam00dantuoft_0097.png"; bbox 0 0 2248 3372; ppageno 0'>
   <div class='ocr_carea' id='block_1_1' title="bbox 0 0 558 277">
    <p class='ocr_par' dir='ltr' id='par_1_1' title="bbox 0 0 558 277">
     <span class='ocr_line' id='line_1_1' title="bbox 0 0 558 277; baseline 0 3095"><span class='ocrx_word' id='word_1_1' title='bbox 0 0 558 277; x_wconf 95' lang='lat' dir='ltr'><strong> </strong></span> 
     </span>
    </p>
   </div>
   <div class='ocr_carea' id='block_1_2' title="bbox 0 1833 18 2338">
    <p class='ocr_par' dir='ltr' id='par_1_2' title="bbox 0 1833 18 2338">
     <span class='ocr_line' id='line_1_2' title="bbox 0 1833 18 2338; textangle 90"><span class='ocrx_word' id='word_1_2' title='bbox 0 2324 11 2338; x_wconf 82' lang='lat' dir='ltr'>w</span> <span class='ocrx_word' id='word_1_3' title='bbox 0 2234 10 2262; x_wconf 72' lang='grc'><strong>’··</strong></span> <span class='ocrx_word' id='word_1_4' title='bbox 0 1874 18 2225; x_wconf 49' lang='lat' dir='ltr'><strong>*mm-*nv*</strong></span> <span class='ocrx_word' id='word_1_5' title='bbox 0 1847 10 1869; x_wconf 60' lang='grc'><strong>’,-</strong></span> <span class='ocrx_word' id='word_1_6' title='bbox 0 1833 12 1842; x_wconf 70' lang='lat' dir='ltr'><strong>z·</strong></span> 
     </span>
    </p>
   </div>
   <div class='ocr_carea' id='block_1_3' title="bbox 0 2396 22 2627">
    <p class='ocr_par' dir='ltr' id='par_1_3' title="bbox 0 2282 197 2687">
     <span class='ocr_line' id='line_1_3' title="bbox 0 2396 22 2627; baseline 0 60"><span class='ocrx_word' id='word_1_7' title='bbox 0 2396 22 2627; x_wconf 60' lang='grc' dir='ltr'>ι</span> 
     </span>
    </p>
   </div>
   <div class='ocr_carea' id='block_1_4' title="bbox 0 2654 22 2685">
    <p class='ocr_par' dir='ltr' id='par_1_4' title="bbox 0 2654 22 2685">
     <span class='ocr_line' id='line_1_4' title="bbox 0 2654 22 2685; baseline 0 -28"><span class='ocrx_word' id='word_1_8' title='bbox 0 2654 22 2685; x_wconf 40' lang='grc' dir='ltr'><strong>ᾗ.</strong></span> 
     </span>
    </p>
   </div>
   <div class='ocr_carea' id='block_1_5' title="bbox 0 3045 101 3372">
    <p class='ocr_par' dir='ltr' id='par_1_5' title="bbox 0 3007 172 3372">
     <span class='ocr_line' id='line_1_5' title="bbox 0 3045 101 3372; baseline -0.151 0"><span class='ocrx_word' id='word_1_9' title='bbox 0 3045 101 3372; x_wconf 65' lang='lat' dir='ltr'><strong>l„</strong></span> 
     </span>
    </p>
   </div>
   <div class='ocr_carea' id='block_1_6' title="bbox 1021 123 1965 166">
    <p class='ocr_par' dir='ltr' id='par_1_6' title="bbox 1021 123 1965 166">
     <span class='ocr_line' id='line_1_6' title="bbox 1021 123 1965 166; baseline -0.005 -6"><span class='ocrx_word' id='word_1_10' title='bbox 1021 135 1151 166; x_wconf 62' lang='lat' dir='ltr'><strong>mmm</strong></span> <span class='ocrx_word' id='word_1_11' title='bbox 1177 135 1223 159; x_wconf 93' lang='lat'><strong>11.</strong></span> <span class='ocrx_word' id='word_1_12' title='bbox 1920 123 1965 156; x_wconf 86' lang='grc'><strong>93</strong></span> 
     </span>
    </p>
   </div>
   <div class='ocr_carea' id='block_1_7' title="bbox 233 207 2011 229">
    <p class='ocr_par' dir='ltr' id='par_1_7' title="bbox 233 207 2011 229">
     <span class='ocr_line' id='line_1_7' title="bbox 233 207 2011 229; baseline 0 3143"><span class='ocrx_word' id='word_1_13' title='bbox 233 207 2011 229; x_wconf 95' lang='lat' dir='ltr'><strong> </strong></span> 
     </span>
    </p>
   </div>
   <div class='ocr_carea' id='block_1_8' title="bbox 234 299 1085 417">
    <p class='ocr_par' dir='ltr' id='par_1_8' title="bbox 234 299 1085 417">
     <span class='ocr_line' id='line_1_8' title="bbox 342 299 1085 351; baseline -0.011 -7"><span class='ocrx_word' id='word_1_14' title='bbox 342 305 385 344; x_wconf 91' lang='grc' dir='ltr'><strong>ΙΙ.</strong></span> <span class='ocrx_word' id='word_1_15' title='bbox 417 304 582 342; x_wconf 74' lang='lat' dir='ltr'><strong>Primum</strong></span> <span class='ocrx_word' id='word_1_16' title='bbox 611 303 727 351; x_wconf 89' lang='lat' dir='ltr'><strong>igitur</strong></span> <span class='ocrx_word' id='word_1_17' title='bbox 754 300 975 342; x_wconf 86' lang='lat' dir='ltr'><strong>videndum,</strong></span> <span class='ocrx_word' id='word_1_18' title='bbox 994 299 1085 347; x_wconf 88' lang='lat' dir='ltr'><strong>quid</strong></span> 
     </span>
     <span class='ocr_line' id='line_1_9' title="bbox 234 365 1084 417; baseline -0.008 -9"><span class='ocrx_word' id='word_1_19' title='bbox 234 372 297 409; x_wconf 86' lang='lat' dir='ltr'><strong>est</strong></span> <span class='ocrx_word' id='word_1_20' title='bbox 311 369 416 417; x_wconf 87' lang='lat' dir='ltr'><strong>quod</strong></span> <span class='ocrx_word' id='word_1_21' title='bbox 434 368 662 415; x_wconf 87' lang='lat' dir='ltr'><strong>temporalis</strong></span> <span class='ocrx_word' id='word_1_22' title='bbox 690 366 920 404; x_wconf 86' lang='lat' dir='ltr'><strong>Monarchia</strong></span> <span class='ocrx_word' id='word_1_23' title='bbox 935 365 1084 408; x_wconf 89' lang='lat' dir='ltr'><strong>dicitur,</strong></span> 
     </span>
    </p>
   </div>
   <div class='ocr_carea' id='block_1_9' title="bbox 234 428 1105 484">
    <p class='ocr_par' dir='ltr' id='par_1_9' title="bbox 234 428 1105 484">
     <span class='ocr_line' id='line_1_10' title="bbox 234 428 1105 484; baseline -0.007 -11"><span class='ocrx_word' id='word_1_24' title='bbox 234 428 330 484; x_wconf 68' lang='lat' dir='ltr'><strong>ty&#39;po</strong></span> <span class='ocrx_word' id='word_1_25' title='bbox 358 437 400 472; x_wconf 93' lang='lat' dir='ltr'><strong>ut</strong></span> <span class='ocrx_word' id='word_1_26' title='bbox 427 434 569 477; x_wconf 73' lang='lat' dir='ltr'><strong>dicam,</strong></span> <span class='ocrx_word' id='word_1_27' title='bbox 592 435 634 470; x_wconf 90' lang='lat' dir='ltr'><strong>et</strong></span> <span class='ocrx_word' id='word_1_28' title='bbox 661 431 873 470; x_wconf 87' lang='lat' dir='ltr'><strong>secundum</strong></span> <span class='ocrx_word' id='word_1_29' title='bbox 903 431 1105 468; x_wconf 88' lang='lat' dir='ltr'><strong>intentio·-</strong></span> 
     </span>
    </p>
   </div>
   <div class='ocr_carea' id='block_1_10' title="bbox 230 496 1086 936">
    <p class='ocr_par' dir='ltr' id='par_1_10' title="bbox 230 496 1086 936">
     <span class='ocr_line' id='line_1_11' title="bbox 234 496 1084 546; baseline -0.007 -8"><span class='ocrx_word' id='word_1_30' title='bbox 234 511 333 538; x_wconf 90' lang='lat' dir='ltr'><strong>nem.</strong></span> <span class='ocrx_word' id='word_1_31' title='bbox 365 499 435 536; x_wconf 81' lang='lat' dir='ltr'><strong>Est</strong></span> <span class='ocrx_word' id='word_1_32' title='bbox 461 509 559 546; x_wconf 88' lang='lat' dir='ltr'><strong>ergo</strong></span> <span class='ocrx_word' id='word_1_33' title='bbox 587 497 814 543; x_wconf 84' lang='lat' dir='ltr'><strong>temporalis</strong></span> <span class='ocrx_word' id='word_1_34' title='bbox 842 496 1084 539; x_wconf 81' lang='lat' dir='ltr'><strong>Monarchia,</strong></span> 
     </span>
     <span class='ocr_line' id='line_1_12' title="bbox 233 561 1085 612; baseline -0.006 -9"><span class='ocrx_word' id='word_1_35' title='bbox 233 576 348 612; x_wconf 87' lang='lat' dir='ltr'><strong>quam</strong></span> <span class='ocrx_word' id='word_1_36' title='bbox 375 563 506 601; x_wconf 90' lang='lat' dir='ltr'><strong>dicunt</strong></span> <span class='ocrx_word' id='word_1_37' title='bbox 534 563 746 610; x_wconf 83' lang='lat' dir='ltr'><strong>Imperium,</strong></span> <span class='ocrx_word' id='word_1_38' title='bbox 777 562 912 599; x_wconf 82' lang='lat' dir='ltr'><strong>unicus</strong></span> <span class='ocrx_word' id='word_1_39' title='bbox 941 561 1085 598; x_wconf 88' lang='lat' dir='ltr'><strong>Princi-</strong></span> 
     </span>
     <span class='ocr_line' id='line_1_13' title="bbox 233 627 1084 677; baseline -0.006 -9"><span class='ocrx_word' id='word_1_40' title='bbox 233 632 349 677; x_wconf 77' lang='lat' dir='ltr'><strong>patus</strong></span> <span class='ocrx_word' id='word_1_41' title='bbox 398 631 439 666; x_wconf 93' lang='lat' dir='ltr'><strong>et</strong></span> <span class='ocrx_word' id='word_1_42' title='bbox 479 638 599 674; x_wconf 86' lang='lat' dir='ltr'><strong>super</strong></span> <span class='ocrx_word' id='word_1_43' title='bbox 636 638 795 664; x_wconf 88' lang='lat' dir='ltr'><strong>omnes</strong></span> <span class='ocrx_word' id='word_1_44' title='bbox 815 627 852 663; x_wconf 90' lang='lat' dir='ltr'><strong>in</strong></span> <span class='ocrx_word' id='word_1_45' title='bbox 894 629 1084 674; x_wconf 89' lang='lat' dir='ltr'><strong>tempore,</strong></span> 
     </span>
     <span class='ocr_line' id='line_1_14' title="bbox 230 693 1085 739; baseline -0.002 -8"><span class='ocrx_word' id='word_1_46' title='bbox 230 694 297 732; x_wconf 74' lang='lat' dir='ltr'><strong>vvel</strong></span> <span class='ocrx_word' id='word_1_47' title='bbox 325 694 363 732; x_wconf 90' lang='lat' dir='ltr'><strong>in</strong></span> <span class='ocrx_word' id='word_1_48' title='bbox 391 694 439 731; x_wconf 92' lang='lat' dir='ltr'><strong>iis</strong></span> <span class='ocrx_word' id='word_1_49' title='bbox 466 695 508 730; x_wconf 87' lang='lat' dir='ltr'><strong>et</strong></span> <span class='ocrx_word' id='word_1_50' title='bbox 547 702 666 739; x_wconf 83' lang='lat' dir='ltr'><strong>super</strong></span> <span class='ocrx_word' id='word_1_51' title='bbox 703 693 750 729; x_wconf 88' lang='lat' dir='ltr'><strong>iis</strong></span> <span class='ocrx_word' id='word_1_52' title='bbox 777 703 866 739; x_wconf 86' lang='lat' dir='ltr'><strong>quae</strong></span> <span class='ocrx_word' id='word_1_53' title='bbox 908 695 1085 739; x_wconf 92' lang='lat' dir='ltr'><strong>tempore</strong></span> 
     </span>
     <span class='ocr_line' id='line_1_15' title="bbox 233 757 1084 808; baseline -0.004 -11"><span class='ocrx_word' id='word_1_54' title='bbox 233 762 518 797; x_wconf 79' lang='lat' dir='ltr'><strong>mensurantur.</strong></span> <span class='ocrx_word' id='word_1_55' title='bbox 561 758 732 795; x_wconf 82' lang='lat' dir='ltr'>Maxime</span> <span class='ocrx_word' id='word_1_56' title='bbox 762 760 892 800; x_wconf 83' lang='lat' dir='ltr'><strong>antem</strong></span> <span class='ocrx_word' id='word_1_57' title='bbox 921 757 971 794; x_wconf 92' lang='lat' dir='ltr'><strong>de</strong></span> <span class='ocrx_word' id='word_1_58' title='bbox 1000 758 1084 808; x_wconf 61' lang='lat' dir='ltr'><strong>hac,</strong></span> 
     </span>
     <span class='ocr_line' id='line_1_16' title="bbox 233 823 1086 870; baseline -0.002 -9"><span class='ocrx_word' id='word_1_59' title='bbox 233 824 309 862; x_wconf 88' lang='lat' dir='ltr'><strong>tria</strong></span> <span class='ocrx_word' id='word_1_60' title='bbox 336 823 513 861; x_wconf 87' lang='lat' dir='ltr'><strong>dubitata</strong></span> <span class='ocrx_word' id='word_1_61' title='bbox 541 825 779 870; x_wconf 87' lang='lat' dir='ltr'><strong>quaeruntur.</strong></span> <span class='ocrx_word' id='word_1_62' title='bbox 822 823 951 860; x_wconf 83' lang='lat' dir='ltr'><strong>Primo</strong></span> <span class='ocrx_word' id='word_1_63' title='bbox 985 834 1086 860; x_wconf 89' lang='lat' dir='ltr'><strong>nam-</strong></span> 
     </span>
     <span class='ocr_line' id='line_1_17' title="bbox 235 888 1085 936; baseline 0 -10"><span class='ocrx_word' id='word_1_64' title='bbox 235 899 311 936; x_wconf 89' lang='lat' dir='ltr'><strong>que</strong></span> <span class='ocrx_word' id='word_1_65' title='bbox 330 888 528 926; x_wconf 87' lang='lat' dir='ltr'><strong>dubitatur</strong></span> <span class='ocrx_word' id='word_1_66' title='bbox 547 890 589 925; x_wconf 93' lang='lat' dir='ltr'><strong>et</strong></span> <span class='ocrx_word' id='word_1_67' title='bbox 607 888 805 935; x_wconf 80' lang='lat' dir='ltr'><strong>quaeritur,</strong></span> <span class='ocrx_word' id='word_1_68' title='bbox 826 899 874 925; x_wconf 90' lang='lat' dir='ltr'><strong>an</strong></span> <span class='ocrx_word' id='word_1_69' title='bbox 905 888 955 925; x_wconf 87' lang='lat' dir='ltr'><strong>ad</strong></span> <span class='ocrx_word' id='word_1_70' title='bbox 984 889 1085 926; x_wconf 89' lang='lat' dir='ltr'><strong>bene</strong></span> 
     </span>
    </p>
   </div>
   <div class='ocr_carea' id='block_1_11' title="bbox 202 937 1145 997">
    <p class='ocr_par' dir='ltr' id='par_1_11' title="bbox 202 937 1145 997">
     <span class='ocr_line' id='line_1_18' title="bbox 202 937 1145 997; baseline -0.001 -5"><span class='ocrx_word' id='word_1_71' title='bbox 202 951 326 992; x_wconf 75' lang='lat' dir='ltr'><strong>‘esse</strong></span> <span class='ocrx_word' id='word_1_72' title='bbox 358 937 487 990; x_wconf 67' lang='lat' dir='ltr'><strong>mundi</strong></span> <span class='ocrx_word' id='word_1_73' title='bbox 529 953 756 990; x_wconf 83' lang='lat' dir='ltr'><strong>necessaria</strong></span> <span class='ocrx_word' id='word_1_74' title='bbox 797 953 858 995; x_wconf 88' lang='lat' dir='ltr'><strong>sit,</strong></span> <span class='ocrx_word' id='word_1_75' title='bbox 897 953 1084 997; x_wconf 88' lang='lat' dir='ltr'><strong>secundo,</strong></span> <span class='ocrx_word' id='word_1_76' title='bbox 1130 959 1145 964; x_wconf 63' lang='grc'><strong>“</strong></span> 
     </span>
    </p>
   </div>
   <div class='ocr_carea' id='block_1_12' title="bbox 234 1012 1091 1715">
    <p class='ocr_par' dir='ltr' id='par_1_12' title="bbox 234 1012 1091 1715">
     <span class='ocr_line' id='line_1_19' title="bbox 234 1012 1088 1064; baseline 0 -8"><span class='ocrx_word' id='word_1_77' title='bbox 234 1030 284 1057; x_wconf 87' lang='lat' dir='ltr'><strong>an</strong></span> <span class='ocrx_word' id='word_1_78' title='bbox 314 1019 512 1056; x_wconf 86' lang='lat' dir='ltr'><strong>Romanus</strong></span> <span class='ocrx_word' id='word_1_79' title='bbox 540 1019 710 1064; x_wconf 87' lang='lat' dir='ltr'><strong>populus</strong></span> <span class='ocrx_word' id='word_1_80' title='bbox 743 1012 793 1055; x_wconf 79' lang='lat' dir='ltr'><strong>de</strong></span> <span class='ocrx_word' id='word_1_81' title='bbox 823 1019 905 1055; x_wconf 92' lang='lat' dir='ltr'><strong>iure</strong></span> <span class='ocrx_word' id='word_1_82' title='bbox 930 1019 1088 1056; x_wconf 88' lang='lat' dir='ltr'><strong>Monar-</strong></span> 
     </span>
     <span class='ocr_line' id='line_1_20' title="bbox 235 1082 1085 1128; baseline 0 -7"><span class='ocrx_word' id='word_1_83' title='bbox 235 1084 336 1121; x_wconf 77' lang='lat' dir='ltr'><strong>chiae</strong></span> <span class='ocrx_word' id='word_1_84' title='bbox 355 1083 527 1122; x_wconf 73' lang='lat' dir='ltr'><strong>officium</strong></span> <span class='ocrx_word' id='word_1_85' title='bbox 556 1083 628 1120; x_wconf 91' lang='lat' dir='ltr'><strong>sibi</strong></span> <span class='ocrx_word' id='word_1_86' title='bbox 649 1082 860 1120; x_wconf 79' lang='lat' dir='ltr'>adsciverit</span> <span class='ocrx_word' id='word_1_87' title='bbox 887 1086 930 1121; x_wconf 90' lang='lat' dir='ltr'><strong>et</strong></span> <span class='ocrx_word' id='word_1_88' title='bbox 956 1085 1085 1128; x_wconf 88' lang='lat' dir='ltr'><strong>tertio,</strong></span> 
     </span>
     <span class='ocr_line' id='line_1_21' title="bbox 237 1148 1087 1195; baseline 0.001 -9"><span class='ocrx_word' id='word_1_89' title='bbox 237 1159 287 1186; x_wconf 87' lang='lat' dir='ltr'><strong>an</strong></span> <span class='ocrx_word' id='word_1_90' title='bbox 315 1149 530 1186; x_wconf 82' lang='lat' dir='ltr'><strong>auctoritas</strong></span> <span class='ocrx_word' id='word_1_91' title='bbox 558 1148 787 1185; x_wconf 87' lang='lat' dir='ltr'><strong>Monarchae</strong></span> <span class='ocrx_word' id='word_1_92' title='bbox 815 1149 1040 1195; x_wconf 81' lang='lat' dir='ltr'><strong>dependeat</strong></span> <span class='ocrx_word' id='word_1_93' title='bbox 1063 1161 1087 1187; x_wconf 90' lang='lat' dir='ltr'><strong>a</strong></span> 
     </span>
     <span class='ocr_line' id='line_1_22' title="bbox 236 1210 1088 1259; baseline 0 -8"><span class='ocrx_word' id='word_1_94' title='bbox 236 1213 326 1251; x_wconf 92' lang='lat' dir='ltr'><strong>Deo</strong></span> <span class='ocrx_word' id='word_1_95' title='bbox 355 1213 586 1256; x_wconf 83' lang='lat' dir='ltr'><strong>immediate,</strong></span> <span class='ocrx_word' id='word_1_96' title='bbox 615 1210 750 1250; x_wconf 59' lang='lat' dir='ltr'><strong>vel‘ab</strong></span> <span class='ocrx_word' id='word_1_97' title='bbox 771 1214 901 1259; x_wconf 89' lang='lat' dir='ltr'><strong>aliquo</strong></span> <span class='ocrx_word' id='word_1_98' title='bbox 930 1214 1004 1251; x_wconf 94' lang='lat' dir='ltr'><strong>Dei</strong></span> <span class='ocrx_word' id='word_1_99' title='bbox 1025 1215 1088 1251; x_wconf 91' lang='lat' dir='ltr'><strong>mi-</strong></span> 
     </span>
     <span class='ocr_line' id='line_1_23' title="bbox 236 1277 1087 1325; baseline 0.001 -9"><span class='ocrx_word' id='word_1_100' title='bbox 236 1279 368 1324; x_wconf 48' lang='lat' dir='ltr'><strong>nistro,</strong></span> <span class='ocrx_word' id='word_1_101' title='bbox 387 1289 459 1316; x_wconf 81' lang='lat' dir='ltr'><strong>seu</strong></span> <span class='ocrx_word' id='word_1_102' title='bbox 486 1278 645 1315; x_wconf 88' lang='lat' dir='ltr'><strong>vicario.</strong></span> <span class='ocrx_word' id='word_1_103' title='bbox 673 1277 816 1316; x_wconf 90' lang='lat' dir='ltr'><strong>Verum</strong></span> <span class='ocrx_word' id='word_1_104' title='bbox 845 1279 935 1325; x_wconf 87' lang='lat' dir='ltr'><strong>quia</strong></span> <span class='ocrx_word' id='word_1_105' title='bbox 963 1280 1087 1317; x_wconf 88' lang='lat' dir='ltr'><strong>omnis</strong></span> 
     </span>
     <span class='ocr_line' id='line_1_24' title="bbox 234 1343 1088 1392; baseline 0.002 -12"><span class='ocrx_word' id='word_1_106' title='bbox 234 1343 396 1392; x_wconf 75' lang='lat' dir='ltr'><strong>veritas,</strong></span> <span class='ocrx_word' id='word_1_107' title='bbox 436 1353 525 1389; x_wconf 86' lang='lat' dir='ltr'><strong>quae</strong></span> <span class='ocrx_word' id='word_1_108' title='bbox 554 1353 632 1379; x_wconf 90' lang='lat' dir='ltr'><strong>non</strong></span> <span class='ocrx_word' id='word_1_109' title='bbox 661 1345 723 1379; x_wconf 90' lang='lat' dir='ltr'><strong>est</strong></span> <span class='ocrx_word' id='word_1_110' title='bbox 760 1344 995 1390; x_wconf 89' lang='lat' dir='ltr'><strong>principium,</strong></span> <span class='ocrx_word' id='word_1_111' title='bbox 1039 1356 1088 1382; x_wconf 87' lang='lat' dir='ltr'><strong>ex</strong></span> 
     </span>
     <span class='ocr_line' id='line_1_25' title="bbox 234 1408 1087 1455; baseline 0.002 -9"><span class='ocrx_word' id='word_1_112' title='bbox 234 1409 402 1446; x_wconf 87' lang='lat' dir='ltr'><strong>veritate</strong></span> <span class='ocrx_word' id='word_1_113' title='bbox 423 1408 586 1445; x_wconf 86' lang='lat' dir='ltr'><strong>alicuius</strong></span> <span class='ocrx_word' id='word_1_114' title='bbox 604 1408 776 1455; x_wconf 88' lang='lat' dir='ltr'><strong>principii</strong></span> <span class='ocrx_word' id='word_1_115' title='bbox 803 1408 849 1445; x_wconf 79' lang='lat' dir='ltr'><strong>fit</strong></span> <span class='ocrx_word' id='word_1_116' title='bbox 868 1409 1087 1454; x_wconf 82' lang='lat' dir='ltr'><strong>manifesta,</strong></span> 
     </span>
     <span class='ocr_line' id='line_1_26' title="bbox 235 1473 1088 1525; baseline 0.004 -14"><span class='ocrx_word' id='word_1_117' title='bbox 235 1484 402 1516; x_wconf 80' lang='lat' dir='ltr'><strong>necesse</strong></span> <span class='ocrx_word' id='word_1_118' title='bbox 445 1475 518 1516; x_wconf 91' lang='lat' dir='ltr'><strong>est,</strong></span> <span class='ocrx_word' id='word_1_119' title='bbox 562 1473 598 1510; x_wconf 90' lang='lat' dir='ltr'><strong>in</strong></span> <span class='ocrx_word' id='word_1_120' title='bbox 628 1473 802 1525; x_wconf 82' lang='lat' dir='ltr'><strong>qualibet</strong></span> <span class='ocrx_word' id='word_1_121' title='bbox 842 1474 1088 1521; x_wconf 86' lang='lat' dir='ltr'><strong>inquisitione</strong></span> 
     </span>
     <span class='ocr_line' id='line_1_27' title="bbox 235 1538 1089 1588; baseline 0.002 -12"><span class='ocrx_word' id='word_1_122' title='bbox 235 1539 382 1576; x_wconf 86' lang='lat' dir='ltr'><strong>habere</strong></span> <span class='ocrx_word' id='word_1_123' title='bbox 410 1538 586 1575; x_wconf 87' lang='lat' dir='ltr'><strong>notitiam</strong></span> <span class='ocrx_word' id='word_1_124' title='bbox 615 1538 666 1574; x_wconf 91' lang='lat' dir='ltr'><strong>de</strong></span> <span class='ocrx_word' id='word_1_125' title='bbox 695 1539 901 1588; x_wconf 72' lang='lat' dir='ltr'><strong>principio„</strong></span> <span class='ocrx_word' id='word_1_126' title='bbox 924 1541 960 1577; x_wconf 92' lang='lat' dir='ltr'><strong>in</strong></span> <span class='ocrx_word' id='word_1_127' title='bbox 985 1541 1089 1586; x_wconf 89' lang='lat' dir='ltr'><strong>quod</strong></span> 
     </span>
     <span class='ocr_line' id='line_1_28' title="bbox 235 1603 1089 1651; baseline 0.006 -11"><span class='ocrx_word' id='word_1_128' title='bbox 235 1603 430 1651; x_wconf 79' lang='lat' dir='ltr'><strong>analytice</strong></span> <span class='ocrx_word' id='word_1_129' title='bbox 467 1605 700 1646; x_wconf 80' lang='lat' dir='ltr'><strong>recurratur,</strong></span> <span class='ocrx_word' id='word_1_130' title='bbox 743 1614 815 1649; x_wconf 90' lang='lat' dir='ltr'><strong>pro</strong></span> <span class='ocrx_word' id='word_1_131' title='bbox 858 1607 1089 1645; x_wconf 87' lang='lat' dir='ltr'><strong>certitudine</strong></span> 
     </span>
     <span class='ocr_line' id='line_1_29' title="bbox 237 1667 1091 1715; baseline 0.008 -12"><span class='ocrx_word' id='word_1_132' title='bbox 237 1667 404 1704; x_wconf 90' lang='lat' dir='ltr'><strong>omnium</strong></span> <span class='ocrx_word' id='word_1_133' title='bbox 446 1667 756 1713; x_wconf 86' lang='lat' dir='ltr'><strong>propositionum</strong></span> <span class='ocrx_word' id='word_1_134' title='bbox 798 1680 886 1715; x_wconf 85' lang='lat' dir='ltr'><strong>quae</strong></span> <span class='ocrx_word' id='word_1_135' title='bbox 929 1671 1091 1710; x_wconf 74' lang='lat' dir='ltr'><strong>inferius</strong></span> 
     </span>
    </p>
   </div>
   <div class='ocr_carea' id='block_1_13' title="bbox 237 1731 2020 1816">
    <p class='ocr_par' dir='ltr' id='par_1_13' title="bbox 237 1731 2020 1816">
     <span class='ocr_line' id='line_1_30' title="bbox 237 1731 2010 1779; baseline 0.004 -9"><span class='ocrx_word' id='word_1_136' title='bbox 237 1731 502 1770; x_wconf 87' lang='lat' dir='ltr'><strong>adsumuntur.</strong></span> <span class='ocrx_word' id='word_1_137' title='bbox 543 1731 591 1768; x_wconf 89' lang='lat' dir='ltr'><strong>Et</strong></span> <span class='ocrx_word' id='word_1_138' title='bbox 618 1733 708 1778; x_wconf 88' lang='lat' dir='ltr'><strong>quia</strong></span> <span class='ocrx_word' id='word_1_139' title='bbox 738 1744 915 1779; x_wconf 79' lang='lat' dir='ltr'><strong>praesens</strong></span> <span class='ocrx_word' id='word_1_140' title='bbox 953 1738 1092 1774; x_wconf 86' lang='lat' dir='ltr'><strong>tracta·</strong></span> <span class='ocrx_word' id='word_1_141' title='bbox 1127 1756 1129 1764; x_wconf 42' lang='grc' dir='ltr'>ι</span> <span class='ocrx_word' id='word_1_142' title='bbox 1222 1769 1229 1776; x_wconf 95' lang='grc'><strong>.</strong></span> <span class='ocrx_word' id='word_1_143' title='bbox 1504 1770 1513 1778; x_wconf 78' lang='grc'>,</span> <span class='ocrx_word' id='word_1_144' title='bbox 1554 1768 1561 1775; x_wconf 94' lang='grc'><strong>.</strong></span> <span class='ocrx_word' id='word_1_145' title='bbox 2001 1768 2010 1775; x_wconf 71' lang='grc'>,</span> 
     </span>
     <span class='ocr_line' id='line_1_31' title="bbox 1128 1768 2020 1816; baseline -0.004 -9"><span class='ocrx_word' id='word_1_146' title='bbox 1128 1800 1129 1808; x_wconf 70' lang='grc'>,</span> <span class='ocrx_word' id='word_1_147' title='bbox 1164 1772 1288 1816; x_wconf 82' lang='lat' dir='ltr'><strong>gmto.</strong></span> <span class='ocrx_word' id='word_1_148' title='bbox 1320 1769 1351 1804; x_wconf 90' lang='lat' dir='ltr'><strong>E</strong></span> <span class='ocrx_word' id='word_1_149' title='bbox 1380 1769 1523 1815; x_wconf 83' lang='lat' dir='ltr'><strong>perche</strong></span> <span class='ocrx_word' id='word_1_150' title='bbox 1553 1768 1575 1804; x_wconf 90' lang='grc' dir='ltr'><strong>ι1</strong></span> <span class='ocrx_word' id='word_1_151' title='bbox 1607 1771 1791 1814; x_wconf 83' lang='lat' dir='ltr'><strong>presente</strong></span> <span class='ocrx_word' id='word_1_152' title='bbox 1812 1770 1976 1804; x_wconf 89' lang='lat' dir='ltr'><strong>trattato</strong></span> <span class='ocrx_word' id='word_1_153' title='bbox 1997 1777 2020 1803; x_wconf 94' lang='lat' dir='ltr'><strong>e</strong></span> 
     </span>
    </p>
   </div>
   <div class='ocr_carea' id='block_1_14' title="bbox 237 1798 1092 1845">
    <p class='ocr_par' dir='ltr' id='par_1_14' title="bbox 237 1798 1092 1845">
     <span class='ocr_line' id='line_1_32' title="bbox 237 1798 1092 1845; baseline 0.008 -12"><span class='ocrx_word' id='word_1_154' title='bbox 237 1798 301 1834; x_wconf 86' lang='lat' dir='ltr'><strong>tus</strong></span> <span class='ocrx_word' id='word_1_155' title='bbox 328 1800 391 1834; x_wconf 92' lang='lat' dir='ltr'><strong>est</strong></span> <span class='ocrx_word' id='word_1_156' title='bbox 410 1798 607 1844; x_wconf 86' lang='lat' dir='ltr'><strong>inquisitio</strong></span> <span class='ocrx_word' id='word_1_157' title='bbox 637 1800 830 1845; x_wconf 75' lang='lat' dir='ltr'><strong>quaedam,</strong></span> <span class='ocrx_word' id='word_1_158' title='bbox 851 1804 942 1838; x_wconf 88' lang='lat' dir='ltr'><strong>ante</strong></span> <span class='ocrx_word' id='word_1_159' title='bbox 963 1804 1092 1840; x_wconf 87' lang='lat' dir='ltr'><strong>omnia</strong></span> 
     </span>
    </p>
   </div>
   <div class='ocr_carea' id='block_1_15' title="bbox 237 1861 1129 1909">
    <p class='ocr_par' dir='ltr' id='par_1_15' title="bbox 237 1861 1129 1909">
     <span class='ocr_line' id='line_1_33' title="bbox 237 1861 1129 1909; baseline 0.008 -11"><span class='ocrx_word' id='word_1_160' title='bbox 237 1861 287 1899; x_wconf 94' lang='lat' dir='ltr'><strong>de</strong></span> <span class='ocrx_word' id='word_1_161' title='bbox 317 1862 502 1909; x_wconf 88' lang='lat' dir='ltr'><strong>principio</strong></span> <span class='ocrx_word' id='word_1_162' title='bbox 531 1864 780 1901; x_wconf 88' lang='lat' dir='ltr'><strong>scrutandum</strong></span> <span class='ocrx_word' id='word_1_163' title='bbox 809 1877 901 1904; x_wconf 86' lang='lat' dir='ltr'><strong>esse</strong></span> <span class='ocrx_word' id='word_1_164' title='bbox 925 1868 1091 1909; x_wconf 85' lang='lat' dir='ltr'><strong>videtur,</strong></span> <span class='ocrx_word' id='word_1_165' title='bbox 1128 1878 1129 1888; x_wconf 63' lang='lat'>¹</span> 
     </span>
    </p>
   </div>
   <div class='ocr_carea' id='block_1_16' title="bbox 236 1926 992 1970">
    <p class='ocr_par' dir='ltr' id='par_1_16' title="bbox 236 1926 992 1970">
     <span class='ocr_line' id='line_1_34' title="bbox 236 1926 992 1970; baseline 0.009 -7"><span class='ocrx_word' id='word_1_166' title='bbox 236 1926 346 1964; x_wconf 89' lang='lat' dir='ltr'><strong>cuius</strong></span> <span class='ocrx_word' id='word_1_167' title='bbox 374 1928 517 1966; x_wconf 88' lang='lat' dir='ltr'><strong>virtute</strong></span> <span class='ocrx_word' id='word_1_168' title='bbox 547 1928 734 1966; x_wconf 80' lang='lat' dir='ltr'><strong>inferiora</strong></span> <span class='ocrx_word' id='word_1_169' title='bbox 763 1933 992 1970; x_wconf 85' lang='lat' dir='ltr'><strong>consistant.</strong></span> 
     </span>
    </p>
   </div>
   <div class='ocr_carea' id='block_1_17' title="bbox 1122 1138 1131 1991">
    <p class='ocr_par' dir='ltr' id='par_1_17' title="bbox 1122 1138 1131 1991">
     <span class='ocr_line' id='line_1_35' title="bbox 1122 1138 1131 1991; baseline 0 0"><span class='ocrx_word' id='word_1_170' title='bbox 1122 1138 1131 1991; x_wconf 95' lang='lat' dir='ltr'><strong> </strong></span> 
     </span>
    </p>
   </div>
   <div class='ocr_carea' id='block_1_18' title="bbox 1159 296 2016 396">
    <p class='ocr_par' dir='ltr' id='par_1_18' title="bbox 1159 296 2016 396">
     <span class='ocr_line' id='line_1_36' title="bbox 1267 296 2014 336; baseline -0.003 -1"><span class='ocrx_word' id='word_1_171' title='bbox 1267 299 1310 336; x_wconf 92' lang='grc'><strong>11.</strong></span> <span class='ocrx_word' id='word_1_172' title='bbox 1341 297 1494 334; x_wconf 89' lang='lat' dir='ltr'><strong>Innanzi</strong></span> <span class='ocrx_word' id='word_1_173' title='bbox 1515 299 1617 334; x_wconf 88' lang='lat' dir='ltr'><strong>tutto</strong></span> <span class='ocrx_word' id='word_1_174' title='bbox 1647 299 1669 334; x_wconf 81' lang='grc' dir='ltr'>ὲ</span> <span class='ocrx_word' id='word_1_175' title='bbox 1699 296 1750 333; x_wconf 89' lang='lat' dir='ltr'><strong>da</strong></span> <span class='ocrx_word' id='word_1_176' title='bbox 1778 296 1926 334; x_wconf 91' lang='lat' dir='ltr'><strong>vedere</strong></span> <span class='ocrx_word' id='word_1_177' title='bbox 1941 296 2014 333; x_wconf 87' lang='lat' dir='ltr'><strong>che</strong></span> 
     </span>
     <span class='ocr_line' id='line_1_37' title="bbox 1159 350 2016 396; baseline -0.004 -7"><span class='ocrx_word' id='word_1_178' title='bbox 1159 362 1255 389; x_wconf 89' lang='lat' dir='ltr'><strong>cosa</strong></span> <span class='ocrx_word' id='word_1_179' title='bbox 1283 350 1490 388; x_wconf 88' lang='lat' dir='ltr'><strong>s’intenda</strong></span> <span class='ocrx_word' id='word_1_180' title='bbox 1520 361 1589 396; x_wconf 91' lang='lat' dir='ltr'><strong>per</strong></span> <span class='ocrx_word' id='word_1_181' title='bbox 1618 350 1849 387; x_wconf 87' lang='lat' dir='ltr'><strong>Monarchia</strong></span> <span class='ocrx_word' id='word_1_182' title='bbox 1868 353 2016 396; x_wconf 92' lang='lat' dir='ltr'><strong>tempo-</strong></span> 
     </span>
    </p>
   </div>
   <div class='ocr_carea' id='block_1_19' title="bbox 1158 408 2015 500">
    <p class='ocr_par' dir='ltr' id='par_1_19' title="bbox 1158 408 2015 500">
     <span class='ocr_line' id='line_1_38' title="bbox 1158 408 2013 457; baseline -0.002 -10"><span class='ocrx_word' id='word_1_183' title='bbox 1158 411 1241 447; x_wconf 88' lang='lat' dir='ltr'><strong>rale</strong></span> <span class='ocrx_word' id='word_1_184' title='bbox 1283 409 1585 457; x_wconf 85' lang='lat' dir='ltr'><strong>figuratamente</strong></span> <span class='ocrx_word' id='word_1_185' title='bbox 1629 419 1699 455; x_wconf 91' lang='lat' dir='ltr'><strong>per</strong></span> <span class='ocrx_word' id='word_1_186' title='bbox 1740 410 1823 445; x_wconf 88' lang='lat' dir='ltr'><strong>cosi</strong></span> <span class='ocrx_word' id='word_1_187' title='bbox 1865 408 1948 445; x_wconf 92' lang='lat' dir='ltr'><strong>dire</strong></span> <span class='ocrx_word' id='word_1_188' title='bbox 1991 419 2013 445; x_wconf 93' lang='lat' dir='ltr'><strong>e</strong></span> 
     </span>
     <span class='ocr_line' id='line_1_39' title="bbox 1159 462 2015 500; baseline -0.002 0"><span class='ocrx_word' id='word_1_189' title='bbox 1159 463 1335 500; x_wconf 89' lang='lat' dir='ltr'><strong>secondo</strong></span> <span class='ocrx_word' id='word_1_190' title='bbox 1372 463 1395 499; x_wconf 93' lang='lat' dir='ltr'><strong>il</strong></span> <span class='ocrx_word' id='word_1_191' title='bbox 1435 473 1508 500; x_wconf 88' lang='lat' dir='ltr'><strong>suo</strong></span> <span class='ocrx_word' id='word_1_192' title='bbox 1550 462 1642 499; x_wconf 80' lang='lat' dir='ltr'><strong>fine.</strong></span> <span class='ocrx_word' id='word_1_193' title='bbox 1686 462 1741 499; x_wconf 88' lang='lat' dir='ltr'><strong>La</strong></span> <span class='ocrx_word' id='word_1_194' title='bbox 1784 462 2015 499; x_wconf 86' lang='lat' dir='ltr'><strong>Monarchia</strong></span> 
     </span>
    </p>
   </div>
   <div class='ocr_carea' id='block_1_20' title="bbox 1159 521 2014 622">
    <p class='ocr_par' dir='ltr' id='par_1_20' title="bbox 1159 521 2014 622">
     <span class='ocr_line' id='line_1_40' title="bbox 1159 521 2014 569; baseline -0.004 -9"><span class='ocrx_word' id='word_1_195' title='bbox 1159 523 1390 569; x_wconf 88' lang='lat' dir='ltr'><strong>temporale,</strong></span> <span class='ocrx_word' id='word_1_196' title='bbox 1421 522 1531 559; x_wconf 83' lang='lat' dir='ltr'><strong>detta</strong></span> <span class='ocrx_word' id='word_1_197' title='bbox 1560 522 1683 558; x_wconf 87' lang='lat' dir='ltr'><strong>anche</strong></span> <span class='ocrx_word' id='word_1_198' title='bbox 1712 521 1872 567; x_wconf 89' lang='lat' dir='ltr'><strong>Impero‚</strong></span> <span class='ocrx_word' id='word_1_199' title='bbox 1913 523 1935 557; x_wconf 82' lang='lat' dir='ltr'><strong>e</strong></span> <span class='ocrx_word' id='word_1_200' title='bbox 1964 531 2014 557; x_wconf 89' lang='lat' dir='ltr'><strong>un</strong></span> 
     </span>
     <span class='ocr_line' id='line_1_41' title="bbox 1159 576 2014 622; baseline -0.004 -9"><span class='ocrx_word' id='word_1_201' title='bbox 1159 577 1376 622; x_wconf 89' lang='lat' dir='ltr'><strong>principato</strong></span> <span class='ocrx_word' id='word_1_202' title='bbox 1419 576 1533 612; x_wconf 91' lang='lat' dir='ltr'><strong>unico</strong></span> <span class='ocrx_word' id='word_1_203' title='bbox 1571 586 1617 612; x_wconf 87' lang='lat' dir='ltr'><strong>su</strong></span> <span class='ocrx_word' id='word_1_204' title='bbox 1646 576 1734 617; x_wconf 81' lang='lat' dir='ltr'><strong>tutti</strong></span> <span class='ocrx_word' id='word_1_205' title='bbox 1777 576 1839 611; x_wconf 90' lang='lat' dir='ltr'><strong>nel</strong></span> <span class='ocrx_word' id='word_1_206' title='bbox 1870 577 2014 620; x_wconf 87' lang='lat' dir='ltr'><strong>tempo,</strong></span> 
     </span>
    </p>
   </div>
   <div class='ocr_carea' id='block_1_21' title="bbox 1159 635 2015 734">
    <p class='ocr_par' dir='ltr' id='par_1_21' title="bbox 1159 635 2015 734">
     <span class='ocr_line' id='line_1_42' title="bbox 1159 635 2014 681; baseline -0.002 -9"><span class='ocrx_word' id='word_1_207' title='bbox 1159 646 1183 672; x_wconf 96' lang='lat' dir='ltr'><strong>o</strong></span> <span class='ocrx_word' id='word_1_208' title='bbox 1213 636 1249 672; x_wconf 91' lang='lat' dir='ltr'><strong>in</strong></span> <span class='ocrx_word' id='word_1_209' title='bbox 1279 636 1407 681; x_wconf 91' lang='lat' dir='ltr'><strong>quelle</strong></span> <span class='ocrx_word' id='word_1_210' title='bbox 1437 645 1532 672; x_wconf 85' lang='lat' dir='ltr'><strong>cose</strong></span> <span class='ocrx_word' id='word_1_211' title='bbox 1561 645 1584 671; x_wconf 94' lang='lat' dir='ltr'><strong>e</strong></span> <span class='ocrx_word' id='word_1_212' title='bbox 1613 645 1733 680; x_wconf 90' lang='lat' dir='ltr'><strong>sopra</strong></span> <span class='ocrx_word' id='word_1_213' title='bbox 1761 635 1890 679; x_wconf 88' lang='lat' dir='ltr'><strong>quelle</strong></span> <span class='ocrx_word' id='word_1_214' title='bbox 1919 644 2014 670; x_wconf 91' lang='lat' dir='ltr'><strong>cose</strong></span> 
     </span>
     <span class='ocr_line' id='line_1_43' title="bbox 1159 687 2015 734; baseline -0.004 -8"><span class='ocrx_word' id='word_1_215' title='bbox 1159 690 1230 726; x_wconf 90' lang='lat' dir='ltr'><strong>che</strong></span> <span class='ocrx_word' id='word_1_216' title='bbox 1259 700 1360 726; x_wconf 86' lang='lat' dir='ltr'><strong>sono</strong></span> <span class='ocrx_word' id='word_1_217' title='bbox 1386 689 1570 726; x_wconf 87' lang='lat' dir='ltr'><strong>misurate</strong></span> <span class='ocrx_word' id='word_1_218' title='bbox 1601 688 1663 724; x_wconf 90' lang='lat' dir='ltr'><strong>dal</strong></span> <span class='ocrx_word' id='word_1_219' title='bbox 1694 691 1838 734; x_wconf 92' lang='lat' dir='ltr'><strong>tempo.</strong></span> <span class='ocrx_word' id='word_1_220' title='bbox 1859 687 2015 724; x_wconf 83' lang='lat' dir='ltr'><strong>intorno</strong></span> 
     </span>
    </p>
   </div>
   <div class='ocr_carea' id='block_1_22' title="bbox 1159 749 2015 849">
    <p class='ocr_par' dir='ltr' id='par_1_22' title="bbox 1159 749 2015 849">
     <span class='ocr_line' id='line_1_44' title="bbox 1159 749 2015 799; baseline -0.005 -12"><span class='ocrx_word' id='word_1_221' title='bbox 1159 760 1183 786; x_wconf 89' lang='lat' dir='ltr'><strong>a</strong></span> <span class='ocrx_word' id='word_1_222' title='bbox 1225 752 1366 799; x_wconf 72' lang='lat' dir='ltr'><strong>questa</strong></span> <span class='ocrx_word' id='word_1_223' title='bbox 1407 749 1639 786; x_wconf 88' lang='lat' dir='ltr'><strong>Monarchia</strong></span> <span class='ocrx_word' id='word_1_224' title='bbox 1679 749 1711 785; x_wconf 93' lang='lat' dir='ltr'><strong>si</strong></span> <span class='ocrx_word' id='word_1_225' title='bbox 1755 757 2015 794; x_wconf 87' lang='lat' dir='ltr'><strong>propongono</strong></span> 
     </span>
     <span class='ocr_line' id='line_1_45' title="bbox 1160 799 2015 849; baseline -0.006 -9"><span class='ocrx_word' id='word_1_226' title='bbox 1160 803 1441 849; x_wconf 88' lang='lat' dir='ltr'><strong>specialmente</strong></span> <span class='ocrx_word' id='word_1_227' title='bbox 1471 805 1531 839; x_wconf 93' lang='lat' dir='ltr'><strong>tre</strong></span> <span class='ocrx_word' id='word_1_228' title='bbox 1560 801 1777 848; x_wconf 90' lang='lat' dir='ltr'><strong>questioni:</strong></span> <span class='ocrx_word' id='word_1_229' title='bbox 1822 800 1950 837; x_wconf 85' lang='lat' dir='ltr'><strong>Prima</strong></span> <span class='ocrx_word' id='word_1_230' title='bbox 1978 799 2015 836; x_wconf 92' lang='lat' dir='ltr'><strong>di</strong></span> 
     </span>
    </p>
   </div>
   <div class='ocr_carea' id='block_1_23' title="bbox 1160 861 2017 955">
    <p class='ocr_par' dir='ltr' id='par_1_23' title="bbox 1160 861 2017 955">
     <span class='ocr_line' id='line_1_46' title="bbox 1160 861 2017 902; baseline -0.004 -4"><span class='ocrx_word' id='word_1_231' title='bbox 1160 864 1263 899; x_wconf 92' lang='lat' dir='ltr'><strong>tutto</strong></span> <span class='ocrx_word' id='word_1_232' title='bbox 1293 862 1325 899; x_wconf 83' lang='lat' dir='ltr'><strong>si</strong></span> <span class='ocrx_word' id='word_1_233' title='bbox 1364 861 1515 899; x_wconf 89' lang='lat' dir='ltr'><strong>discute</strong></span> <span class='ocrx_word' id='word_1_234' title='bbox 1545 872 1567 897; x_wconf 93' lang='lat' dir='ltr'><strong>e</strong></span> <span class='ocrx_word' id='word_1_235' title='bbox 1597 861 1630 898; x_wconf 86' lang='lat' dir='ltr'><strong>si</strong></span> <span class='ocrx_word' id='word_1_236' title='bbox 1658 861 1819 902; x_wconf 89' lang='lat' dir='ltr'><strong>ricerca,</strong></span> <span class='ocrx_word' id='word_1_237' title='bbox 1849 870 1894 896; x_wconf 89' lang='lat' dir='ltr'><strong>se</strong></span> <span class='ocrx_word' id='word_1_238' title='bbox 1924 869 2017 896; x_wconf 82' lang='lat' dir='ltr'><strong>essa</strong></span> 
     </span>
     <span class='ocr_line' id='line_1_47' title="bbox 1160 912 2016 955; baseline -0.004 -3"><span class='ocrx_word' id='word_1_239' title='bbox 1160 916 1218 952; x_wconf 89' lang='lat' dir='ltr'><strong>sia</strong></span> <span class='ocrx_word' id='word_1_240' title='bbox 1239 915 1467 952; x_wconf 81' lang='lat' dir='ltr'><strong>necessaria</strong></span> <span class='ocrx_word' id='word_1_241' title='bbox 1486 915 1522 951; x_wconf 93' lang='lat' dir='ltr'><strong>al</strong></span> <span class='ocrx_word' id='word_1_242' title='bbox 1542 915 1759 951; x_wconf 86' lang='lat' dir='ltr'><strong>benessere</strong></span> <span class='ocrx_word' id='word_1_243' title='bbox 1780 913 1842 950; x_wconf 93' lang='lat' dir='ltr'><strong>del</strong></span> <span class='ocrx_word' id='word_1_244' title='bbox 1860 912 2016 955; x_wconf 89' lang='lat' dir='ltr'><strong>mondo;</strong></span> 
     </span>
    </p>
   </div>
   <div class='ocr_carea' id='block_1_24' title="bbox 1159 972 2019 1130">
    <p class='ocr_par' dir='ltr' id='par_1_24' title="bbox 1159 972 2019 1130">
     <span class='ocr_line' id='line_1_48' title="bbox 1160 972 2016 1021; baseline -0.004 -10"><span class='ocrx_word' id='word_1_245' title='bbox 1160 975 1196 1011; x_wconf 91' lang='lat' dir='ltr'><strong>in</strong></span> <span class='ocrx_word' id='word_1_246' title='bbox 1227 974 1403 1012; x_wconf 90' lang='lat' dir='ltr'><strong>secondo</strong></span> <span class='ocrx_word' id='word_1_247' title='bbox 1433 974 1566 1021; x_wconf 88' lang='lat' dir='ltr'><strong>luogo,</strong></span> <span class='ocrx_word' id='word_1_248' title='bbox 1610 984 1654 1010; x_wconf 86' lang='lat' dir='ltr'><strong>se</strong></span> <span class='ocrx_word' id='word_1_249' title='bbox 1684 984 1707 1010; x_wconf 88' lang='lat' dir='ltr'><strong>a</strong></span> <span class='ocrx_word' id='word_1_250' title='bbox 1735 973 1840 1010; x_wconf 92' lang='lat' dir='ltr'><strong>buon</strong></span> <span class='ocrx_word' id='word_1_251' title='bbox 1883 972 2016 1008; x_wconf 89' lang='lat' dir='ltr'><strong>diritto</strong></span> 
     </span>
     <span class='ocr_line' id='line_1_49' title="bbox 1159 1024 2019 1074; baseline -0.005 -9"><span class='ocrx_word' id='word_1_252' title='bbox 1159 1028 1184 1065; x_wconf 93' lang='lat' dir='ltr'><strong>il</strong></span> <span class='ocrx_word' id='word_1_253' title='bbox 1215 1028 1368 1074; x_wconf 84' lang='lat' dir='ltr'><strong>Popolo</strong></span> <span class='ocrx_word' id='word_1_254' title='bbox 1399 1028 1576 1065; x_wconf 85' lang='lat' dir='ltr'><strong>Romano</strong></span> <span class='ocrx_word' id='word_1_255' title='bbox 1596 1027 1690 1064; x_wconf 87' lang='lat' dir='ltr'><strong>siasi</strong></span> <span class='ocrx_word' id='word_1_256' title='bbox 1719 1028 1907 1073; x_wconf 88' lang='lat' dir='ltr'><strong>arrogato</strong></span> <span class='ocrx_word' id='word_1_257' title='bbox 1929 1024 2019 1061; x_wconf 81' lang='lat' dir='ltr'><strong>l’uf-</strong></span> 
     </span>
     <span class='ocr_line' id='line_1_50' title="bbox 1160 1078 2019 1130; baseline -0.003 -12"><span class='ocrx_word' id='word_1_258' title='bbox 1160 1081 1252 1118; x_wconf 82' lang='lat' dir='ltr'><strong>ficio</strong></span> <span class='ocrx_word' id='word_1_259' title='bbox 1282 1081 1387 1118; x_wconf 89' lang='lat' dir='ltr'><strong>della</strong></span> <span class='ocrx_word' id='word_1_260' title='bbox 1415 1081 1668 1130; x_wconf 78' lang='lat' dir='ltr'><strong>Monarchia3</strong></span> <span class='ocrx_word' id='word_1_261' title='bbox 1697 1079 1816 1116; x_wconf 82' lang='lat' dir='ltr'><strong>infine</strong></span> <span class='ocrx_word' id='word_1_262' title='bbox 1845 1090 1890 1116; x_wconf 89' lang='lat' dir='ltr'><strong>se</strong></span> <span class='ocrx_word' id='word_1_263' title='bbox 1920 1078 2019 1115; x_wconf 86' lang='lat' dir='ltr'><strong>l&#39;au-</strong></span> 
     </span>
    </p>
   </div>
   <div class='ocr_carea' id='block_1_25' title="bbox 1160 1137 2021 1238">
    <p class='ocr_par' dir='ltr' id='par_1_25' title="bbox 1160 1137 2021 1238">
     <span class='ocr_line' id='line_1_51' title="bbox 1160 1137 2021 1186; baseline 0 -12"><span class='ocrx_word' id='word_1_264' title='bbox 1160 1140 1280 1178; x_wconf 76' lang='lat' dir='ltr'><strong>torita</strong></span> <span class='ocrx_word' id='word_1_265' title='bbox 1310 1141 1372 1177; x_wconf 93' lang='lat' dir='ltr'><strong>del</strong></span> <span class='ocrx_word' id='word_1_266' title='bbox 1404 1140 1596 1177; x_wconf 87' lang='lat' dir='ltr'><strong>Monarca</strong></span> <span class='ocrx_word' id='word_1_267' title='bbox 1625 1139 1793 1186; x_wconf 91' lang='lat' dir='ltr'><strong>dipende</strong></span> <span class='ocrx_word' id='word_1_268' title='bbox 1827 1137 2021 1175; x_wconf 88' lang='lat' dir='ltr'><strong>immedia-</strong></span> 
     </span>
     <span class='ocr_line' id='line_1_52' title="bbox 1161 1192 2018 1238; baseline -0.002 -8"><span class='ocrx_word' id='word_1_269' title='bbox 1161 1196 1334 1231; x_wconf 89' lang='lat' dir='ltr'><strong>tamente</strong></span> <span class='ocrx_word' id='word_1_270' title='bbox 1364 1193 1414 1230; x_wconf 86' lang='lat' dir='ltr'><strong>da</strong></span> <span class='ocrx_word' id='word_1_271' title='bbox 1445 1193 1520 1230; x_wconf 88' lang='lat' dir='ltr'><strong>Dio</strong></span> <span class='ocrx_word' id='word_1_272' title='bbox 1563 1204 1588 1230; x_wconf 93' lang='lat' dir='ltr'><strong>o</strong></span> <span class='ocrx_word' id='word_1_273' title='bbox 1617 1193 1667 1229; x_wconf 92' lang='lat' dir='ltr'><strong>da</strong></span> <span class='ocrx_word' id='word_1_274' title='bbox 1710 1203 1759 1229; x_wconf 91' lang='lat' dir='ltr'><strong>un</strong></span> <span class='ocrx_word' id='word_1_275' title='bbox 1790 1192 1964 1238; x_wconf 65' lang='lat' dir='ltr'><strong>ministro</strong></span> <span class='ocrx_word' id='word_1_276' title='bbox 1994 1201 2018 1228; x_wconf 97' lang='lat' dir='ltr'><strong>o</strong></span> 
     </span>
    </p>
   </div>
   <div class='ocr_carea' id='block_1_26' title="bbox 1160 1253 2021 1643">
    <p class='ocr_par' dir='ltr' id='par_1_26' title="bbox 1160 1253 1494 1290">
     <span class='ocr_line' id='line_1_53' title="bbox 1160 1253 1494 1290; baseline -0.003 -1"><span class='ocrx_word' id='word_1_277' title='bbox 1160 1253 1308 1290; x_wconf 88' lang='lat' dir='ltr'><strong>vicario</strong></span> <span class='ocrx_word' id='word_1_278' title='bbox 1338 1253 1375 1289; x_wconf 93' lang='lat' dir='ltr'><strong>di</strong></span> <span class='ocrx_word' id='word_1_279' title='bbox 1405 1253 1494 1289; x_wconf 91' lang='lat' dir='ltr'><strong>Dio.</strong></span> 
     </span>
    </p>

    <p class='ocr_par' dir='ltr' id='par_1_27' title="bbox 1162 1311 2021 1643">
     <span class='ocr_line' id='line_1_54' title="bbox 1163 1311 2017 1359; baseline -0.004 -10"><span class='ocrx_word' id='word_1_280' title='bbox 1163 1312 1232 1350; x_wconf 89' lang='lat' dir='ltr'><strong>Ma</strong></span> <span class='ocrx_word' id='word_1_281' title='bbox 1262 1312 1400 1358; x_wconf 82' lang='lat' dir='ltr'><strong>poiche</strong></span> <span class='ocrx_word' id='word_1_282' title='bbox 1430 1312 1522 1359; x_wconf 84' lang='lat' dir='ltr'><strong>ogni</strong></span> <span class='ocrx_word' id='word_1_283' title='bbox 1551 1312 1690 1354; x_wconf 75' lang='lat' dir='ltr'><strong>verita,</strong></span> <span class='ocrx_word' id='word_1_284' title='bbox 1720 1311 1758 1348; x_wconf 91' lang='lat' dir='ltr'><strong>la</strong></span> <span class='ocrx_word' id='word_1_285' title='bbox 1786 1311 1901 1356; x_wconf 88' lang='lat' dir='ltr'><strong>quale</strong></span> <span class='ocrx_word' id='word_1_286' title='bbox 1939 1320 2017 1346; x_wconf 89' lang='lat' dir='ltr'><strong>non</strong></span> 
     </span>
     <span class='ocr_line' id='line_1_55' title="bbox 1162 1370 2018 1418; baseline -0.005 -9"><span class='ocrx_word' id='word_1_287' title='bbox 1162 1372 1221 1409; x_wconf 91' lang='lat' dir='ltr'><strong>sia</strong></span> <span class='ocrx_word' id='word_1_288' title='bbox 1241 1382 1312 1418; x_wconf 91' lang='lat' dir='ltr'><strong>per</strong></span> <span class='ocrx_word' id='word_1_289' title='bbox 1331 1382 1376 1408; x_wconf 88' lang='lat' dir='ltr'><strong>se</strong></span> <span class='ocrx_word' id='word_1_290' title='bbox 1406 1374 1538 1408; x_wconf 87' lang='lat' dir='ltr'><strong>stessa</strong></span> <span class='ocrx_word' id='word_1_291' title='bbox 1558 1382 1607 1407; x_wconf 90' lang='lat' dir='ltr'><strong>un</strong></span> <span class='ocrx_word' id='word_1_292' title='bbox 1629 1371 1828 1416; x_wconf 84' lang='lat' dir='ltr'><strong>principio,</strong></span> <span class='ocrx_word' id='word_1_293' title='bbox 1859 1370 2018 1406; x_wconf 88' lang='lat' dir='ltr'><strong>diventa</strong></span> 
     </span>
     <span class='ocr_line' id='line_1_56' title="bbox 1163 1428 2017 1476; baseline -0.005 -8"><span class='ocrx_word' id='word_1_294' title='bbox 1163 1430 1372 1468; x_wconf 80' lang='lat' dir='ltr'><strong>manifesta</strong></span> <span class='ocrx_word' id='word_1_295' title='bbox 1415 1441 1485 1476; x_wconf 91' lang='lat' dir='ltr'><strong>per</strong></span> <span class='ocrx_word' id='word_1_296' title='bbox 1527 1440 1662 1467; x_wconf 90' lang='lat' dir='ltr'><strong>mezzo</strong></span> <span class='ocrx_word' id='word_1_297' title='bbox 1693 1430 1797 1466; x_wconf 88' lang='lat' dir='ltr'><strong>della</strong></span> <span class='ocrx_word' id='word_1_298' title='bbox 1825 1429 1951 1466; x_wconf 76' lang='lat' dir='ltr'><strong>verita</strong></span> <span class='ocrx_word' id='word_1_299' title='bbox 1981 1428 2017 1464; x_wconf 92' lang='lat' dir='ltr'><strong>di</strong></span> 
     </span>
     <span class='ocr_line' id='line_1_57' title="bbox 1163 1482 2021 1531; baseline -0.005 -10"><span class='ocrx_word' id='word_1_300' title='bbox 1163 1485 1327 1530; x_wconf 89' lang='lat' dir='ltr'><strong>qualche</strong></span> <span class='ocrx_word' id='word_1_301' title='bbox 1358 1484 1557 1531; x_wconf 91' lang='lat' dir='ltr'><strong>principio,</strong></span> <span class='ocrx_word' id='word_1_302' title='bbox 1601 1483 1642 1520; x_wconf 78' lang='lat' dir='ltr'><strong>fa</strong></span> <span class='ocrx_word' id='word_1_303' title='bbox 1679 1483 1811 1528; x_wconf 90' lang='lat' dir='ltr'><strong>duopo</strong></span> <span class='ocrx_word' id='word_1_304' title='bbox 1842 1483 1877 1518; x_wconf 88' lang='lat' dir='ltr'><strong>in</strong></span> <span class='ocrx_word' id='word_1_305' title='bbox 1916 1482 2021 1528; x_wconf 88' lang='lat' dir='ltr'><strong>qual-</strong></span> 
     </span>
     <span class='ocr_line' id='line_1_58' title="bbox 1164 1540 2019 1591; baseline -0.005 -11"><span class='ocrx_word' id='word_1_306' title='bbox 1164 1544 1334 1591; x_wconf 87' lang='lat' dir='ltr'><strong>sivoglia</strong></span> <span class='ocrx_word' id='word_1_307' title='bbox 1363 1544 1512 1580; x_wconf 90' lang='lat' dir='ltr'><strong>ricerca</strong></span> <span class='ocrx_word' id='word_1_308' title='bbox 1541 1553 1662 1579; x_wconf 91' lang='lat' dir='ltr'><strong>avere</strong></span> <span class='ocrx_word' id='word_1_309' title='bbox 1705 1551 1953 1579; x_wconf 89' lang='lat' dir='ltr'><strong>conoscenza</strong></span> <span class='ocrx_word' id='word_1_310' title='bbox 1981 1540 2019 1576; x_wconf 91' lang='lat' dir='ltr'><strong>di</strong></span> 
     </span>
     <span class='ocr_line' id='line_1_59' title="bbox 1164 1595 2019 1643; baseline -0.004 -10"><span class='ocrx_word' id='word_1_311' title='bbox 1164 1598 1254 1642; x_wconf 88' lang='lat' dir='ltr'><strong>quel</strong></span> <span class='ocrx_word' id='word_1_312' title='bbox 1302 1597 1490 1643; x_wconf 89' lang='lat' dir='ltr'><strong>principio</strong></span> <span class='ocrx_word' id='word_1_313' title='bbox 1535 1607 1558 1632; x_wconf 90' lang='lat' dir='ltr'><strong>a</strong></span> <span class='ocrx_word' id='word_1_314' title='bbox 1601 1596 1661 1632; x_wconf 93' lang='lat' dir='ltr'><strong>cui</strong></span> <span class='ocrx_word' id='word_1_315' title='bbox 1705 1595 2019 1631; x_wconf 87' lang='lat' dir='ltr'><strong>analiticamente</strong></span> 
     </span>
    </p>
   </div>
   <div class='ocr_carea' id='block_1_27' title="bbox 1164 1653 2021 1756">
    <p class='ocr_par' dir='ltr' id='par_1_28' title="bbox 1164 1653 2021 1756">
     <span class='ocr_line' id='line_1_60' title="bbox 1164 1653 2019 1701; baseline -0.005 -8"><span class='ocrx_word' id='word_1_316' title='bbox 1164 1657 1196 1693; x_wconf 90' lang='lat' dir='ltr'><strong>si</strong></span> <span class='ocrx_word' id='word_1_317' title='bbox 1221 1657 1368 1693; x_wconf 88' lang='lat' dir='ltr'><strong>ricorra</strong></span> <span class='ocrx_word' id='word_1_318' title='bbox 1403 1666 1472 1701; x_wconf 88' lang='lat' dir='ltr'><strong>per</strong></span> <span class='ocrx_word' id='word_1_319' title='bbox 1516 1655 1729 1692; x_wconf 88' lang='lat' dir='ltr'><strong>accertarsi</strong></span> <span class='ocrx_word' id='word_1_320' title='bbox 1759 1654 1796 1691; x_wconf 94' lang='lat' dir='ltr'><strong>di</strong></span> <span class='ocrx_word' id='word_1_321' title='bbox 1839 1656 1939 1690; x_wconf 89' lang='lat' dir='ltr'><strong>tutte</strong></span> <span class='ocrx_word' id='word_1_322' title='bbox 1982 1653 2019 1689; x_wconf 91' lang='lat' dir='ltr'><strong>le</strong></span> 
     </span>
     <span class='ocr_line' id='line_1_61' title="bbox 1165 1708 2021 1756; baseline -0.004 -10"><span class='ocrx_word' id='word_1_323' title='bbox 1165 1709 1429 1756; x_wconf 87' lang='lat' dir='ltr'><strong>proposizioni</strong></span> <span class='ocrx_word' id='word_1_324' title='bbox 1472 1709 1543 1745; x_wconf 91' lang='lat' dir='ltr'><strong>che</strong></span> <span class='ocrx_word' id='word_1_325' title='bbox 1573 1709 1606 1745; x_wconf 86' lang='lat' dir='ltr'><strong>si</strong></span> <span class='ocrx_word' id='word_1_326' title='bbox 1649 1718 1861 1745; x_wconf 84' lang='lat' dir='ltr'><strong>assumono</strong></span> <span class='ocrx_word' id='word_1_327' title='bbox 1891 1708 1927 1743; x_wconf 93' lang='lat' dir='ltr'><strong>in</strong></span> <span class='ocrx_word' id='word_1_328' title='bbox 1962 1717 2021 1743; x_wconf 88' lang='lat' dir='ltr'><strong>se-</strong></span> 
     </span>
    </p>
   </div>
   <div class='ocr_carea' id='block_1_28' title="bbox 1166 1821 2020 1929">
    <p class='ocr_par' dir='ltr' id='par_1_29' title="bbox 1166 1821 2020 1929">
     <span class='ocr_line' id='line_1_62' title="bbox 1166 1821 2020 1868; baseline -0.004 -9"><span class='ocrx_word' id='word_1_329' title='bbox 1166 1826 1340 1868; x_wconf 89' lang='lat' dir='ltr'><strong>appunto</strong></span> <span class='ocrx_word' id='word_1_330' title='bbox 1362 1833 1437 1858; x_wconf 84' lang='lat' dir='ltr'><strong>una</strong></span> <span class='ocrx_word' id='word_1_331' title='bbox 1459 1821 1655 1868; x_wconf 87' lang='lat' dir='ltr'><strong>indagine,</strong></span> <span class='ocrx_word' id='word_1_332' title='bbox 1671 1822 1704 1858; x_wconf 92' lang='lat' dir='ltr'><strong>ci</strong></span> <span class='ocrx_word' id='word_1_333' title='bbox 1727 1831 1820 1867; x_wconf 87' lang='lat' dir='ltr'><strong>pare</strong></span> <span class='ocrx_word' id='word_1_334' title='bbox 1838 1821 1874 1857; x_wconf 92' lang='lat' dir='ltr'><strong>di</strong></span> <span class='ocrx_word' id='word_1_335' title='bbox 1896 1821 2020 1857; x_wconf 90' lang='lat' dir='ltr'><strong>dover</strong></span> 
     </span>
     <span class='ocr_line' id='line_1_63' title="bbox 1167 1880 2019 1929; baseline -0.004 -11"><span class='ocrx_word' id='word_1_336' title='bbox 1167 1882 1354 1929; x_wconf 86' lang='lat' dir='ltr'><strong>indagare</strong></span> <span class='ocrx_word' id='word_1_337' title='bbox 1386 1881 1409 1917; x_wconf 92' lang='lat' dir='ltr'><strong>il</strong></span> <span class='ocrx_word' id='word_1_338' title='bbox 1432 1881 1619 1926; x_wconf 89' lang='lat' dir='ltr'><strong>principio</strong></span> <span class='ocrx_word' id='word_1_339' title='bbox 1640 1881 1676 1917; x_wconf 91' lang='lat' dir='ltr'><strong>in</strong></span> <span class='ocrx_word' id='word_1_340' title='bbox 1697 1881 1799 1916; x_wconf 76' lang='lat' dir='ltr'><strong>virtu</strong></span> <span class='ocrx_word' id='word_1_341' title='bbox 1820 1880 1882 1916; x_wconf 92' lang='lat' dir='ltr'><strong>del</strong></span> <span class='ocrx_word' id='word_1_342' title='bbox 1904 1880 2019 1925; x_wconf 89' lang='lat' dir='ltr'><strong>quale</strong></span> 
     </span>
    </p>
   </div>
   <div class='ocr_carea' id='block_1_29' title="bbox 1128 1926 2019 1981">
    <p class='ocr_par' dir='ltr' id='par_1_30' title="bbox 1128 1926 2019 1981">
     <span class='ocr_line' id='line_1_64' title="bbox 1128 1926 2019 1981; baseline -0.004 -9"><span class='ocrx_word' id='word_1_343' title='bbox 1128 1926 1130 1941; x_wconf 66' lang='lat'><em>³</em></span> <span class='ocrx_word' id='word_1_344' title='bbox 1168 1936 1398 1981; x_wconf 86' lang='lat' dir='ltr'><strong>acquistano</strong></span> <span class='ocrx_word' id='word_1_345' title='bbox 1409 1933 1665 1971; x_wconf 75' lang='lat' dir='ltr'><strong>fondamento</strong></span> <span class='ocrx_word' id='word_1_346' title='bbox 1681 1934 1718 1970; x_wconf 89' lang='lat' dir='ltr'><strong>le</strong></span> <span class='ocrx_word' id='word_1_347' title='bbox 1734 1934 1860 1970; x_wconf 81' lang='lat' dir='ltr'><strong>verita</strong></span> <span class='ocrx_word' id='word_1_348' title='bbox 1871 1933 2019 1969; x_wconf 86' lang='lat' dir='ltr'><strong>minori.</strong></span> 
     </span>
    </p>
   </div>
   <div class='ocr_carea' id='block_1_30' title="bbox 417 2056 2020 2071">
    <p class='ocr_par' dir='ltr' id='par_1_31' title="bbox 417 2056 2020 2071">
     <span class='ocr_line' id='line_1_65' title="bbox 417 2056 2020 2071; baseline 0 0"><span class='ocrx_word' id='word_1_349' title='bbox 417 2056 2020 2071; x_wconf 95' lang='lat' dir='ltr'><strong> </strong></span> 
     </span>
    </p>
   </div>
   <div class='ocr_carea' id='block_1_31' title="bbox 236 2128 2022 2304">
    <p class='ocr_par' dir='ltr' id='par_1_32' title="bbox 236 2128 2022 2276">
     <span class='ocr_line' id='line_1_66' title="bbox 314 2128 2021 2183; baseline 0.002 -15"><span class='ocrx_word' id='word_1_350' title='bbox 314 2131 495 2183; x_wconf 9' lang='lat' dir='ltr'><strong>*propter</strong></span> <span class='ocrx_word' id='word_1_351' title='bbox 527 2141 609 2171; x_wconf 85' lang='grc' dir='ltr'><strong>ηοη</strong></span> <span class='ocrx_word' id='word_1_352' title='bbox 634 2144 684 2171; x_wconf 79' lang='lat' dir='ltr'><strong>se</strong></span> <span class='ocrx_word' id='word_1_353' title='bbox 707 2134 857 2174; x_wconf 76' lang='lat' dir='ltr'><strong>habere</strong></span> <span class='ocrx_word' id='word_1_354' title='bbox 888 2128 1116 2177; x_wconf 67' lang='lat' dir='ltr'><strong>immediate</strong></span> <span class='ocrx_word' id='word_1_355' title='bbox 1153 2139 1210 2177; x_wconf 77' lang='lat' dir='ltr'><strong>ad</strong></span> <span class='ocrx_word' id='word_1_356' title='bbox 1242 2139 1406 2177; x_wconf 80' lang='lat' dir='ltr'><strong>lucrum.</strong></span> <span class='ocrx_word' id='word_1_357' title='bbox 1445 2143 1637 2182; x_wconf 74' lang='lat' dir='ltr'><strong>Qualouno</strong></span> <span class='ocrx_word' id='word_1_358' title='bbox 1664 2141 1761 2173; x_wconf 81' lang='lat' dir='ltr'><strong>volle</strong></span> <span class='ocrx_word' id='word_1_359' title='bbox 1789 2151 1956 2182; x_wconf 77' lang='lat' dir='ltr'><strong>seorgere</strong></span> <span class='ocrx_word' id='word_1_360' title='bbox 1983 2143 2021 2173; x_wconf 85' lang='lat' dir='ltr'><strong>in</strong></span> 
     </span>
     <span class='ocr_line' id='line_1_67' title="bbox 236 2181 2022 2230; baseline 0.004 -18"><span class='ocrx_word' id='word_1_361' title='bbox 236 2184 364 2222; x_wconf 83' lang='lat' dir='ltr'><strong>queste</strong></span> <span class='ocrx_word' id='word_1_362' title='bbox 387 2181 514 2227; x_wconf 78' lang='lat' dir='ltr'><strong>parole</strong></span> <span class='ocrx_word' id='word_1_363' title='bbox 539 2193 612 2215; x_wconf 78' lang='lat' dir='ltr'><strong>una</strong></span> <span class='ocrx_word' id='word_1_364' title='bbox 637 2184 741 2217; x_wconf 76' lang='lat' dir='ltr'><strong>botta</strong></span> <span class='ocrx_word' id='word_1_365' title='bbox 765 2187 801 2218; x_wconf 81' lang='lat' dir='ltr'><strong>ai</strong></span> <span class='ocrx_word' id='word_1_366' title='bbox 832 2187 1101 2227; x_wconf 80' lang='lat' dir='ltr'><strong>giureoonsulti</strong></span> <span class='ocrx_word' id='word_1_367' title='bbox 1134 2200 1154 2222; x_wconf 89' lang='lat' dir='ltr'><strong>e</strong></span> <span class='ocrx_word' id='word_1_368' title='bbox 1191 2189 1420 2222; x_wconf 75' lang='lat' dir='ltr'><strong>‹leoretalisti</strong></span> <span class='ocrx_word' id='word_1_369' title='bbox 1457 2189 1524 2221; x_wconf 85' lang='lat' dir='ltr'><strong>ohe</strong></span> <span class='ocrx_word' id='word_1_370' title='bbox 1563 2189 1754 2221; x_wconf 73' lang='lat' dir='ltr'><strong>badavano</strong></span> <span class='ocrx_word' id='word_1_371' title='bbox 1781 2190 1843 2230; x_wconf 78' lang='lat' dir='ltr'><strong>piii</strong></span> <span class='ocrx_word' id='word_1_372' title='bbox 1870 2189 1906 2220; x_wconf 80' lang='lat' dir='ltr'><strong>al</strong></span> <span class='ocrx_word' id='word_1_373' title='bbox 1932 2199 2022 2230; x_wconf 80' lang='lat' dir='ltr'><strong>gna-</strong></span> 
     </span>
     <span class='ocr_line' id='line_1_68' title="bbox 236 2229 2022 2276; baseline 0.004 -16"><span class='ocrx_word' id='word_1_374' title='bbox 236 2229 358 2270; x_wconf 79' lang='lat' dir='ltr'><strong>dagno</strong></span> <span class='ocrx_word' id='word_1_375' title='bbox 382 2229 449 2261; x_wconf 81' lang='lat' dir='ltr'><strong>ohe</strong></span> <span class='ocrx_word' id='word_1_376' title='bbox 473 2229 549 2262; x_wconf 75' lang='lat' dir='ltr'><strong>alla</strong></span> <span class='ocrx_word' id='word_1_377' title='bbox 573 2231 750 2271; x_wconf 78' lang='lat' dir='ltr'><strong>giustizia</strong></span> <span class='ocrx_word' id='word_1_378' title='bbox 774 2243 794 2265; x_wconf 86' lang='lat' dir='ltr'><strong>e</strong></span> <span class='ocrx_word' id='word_1_379' title='bbox 819 2242 907 2267; x_wconf 82' lang='lat' dir='ltr'><strong>sono</strong></span> <span class='ocrx_word' id='word_1_380' title='bbox 932 2236 997 2276; x_wconf 72' lang='lat' dir='ltr'><strong>pin</strong></span> <span class='ocrx_word' id='word_1_381' title='bbox 1023 2237 1124 2270; x_wconf 87' lang='lat' dir='ltr'><strong>volte</strong></span> <span class='ocrx_word' id='word_1_382' title='bbox 1149 2237 1385 2270; x_wconf 79' lang='lat' dir='ltr'><strong>maltrattati.</strong></span> <span class='ocrx_word' id='word_1_383' title='bbox 1411 2236 1487 2269; x_wconf 88' lang='lat' dir='ltr'><strong>Cfr.</strong></span> <span class='ocrx_word' id='word_1_384' title='bbox 1513 2236 1629 2268; x_wconf 87' lang='lat' dir='ltr'><strong>Conv.</strong></span> <span class='ocrx_word' id='word_1_385' title='bbox 1660 2236 1716 2267; x_wconf 90' lang='lat'><strong>111</strong></span> <span class='ocrx_word' id='word_1_386' title='bbox 1746 2238 1786 2268; x_wconf 94' lang='lat'><strong>11</strong></span> <span class='ocrx_word' id='word_1_387' title='bbox 1814 2245 1846 2276; x_wconf 88' lang='lat' dir='ltr'><strong>o,</strong></span> <span class='ocrx_word' id='word_1_388' title='bbox 1875 2236 1937 2275; x_wconf 86' lang='lat' dir='ltr'><strong>IV,</strong></span> <span class='ocrx_word' id='word_1_389' title='bbox 1965 2236 2022 2275; x_wconf 80' lang='lat'><strong>27,</strong></span> 
     </span>
    </p>

    <p class='ocr_par' dir='ltr' id='par_1_33' title="bbox 1814 2288 1837 2304">
     <span class='ocr_line' id='line_1_69' title="bbox 1814 2288 1837 2304; baseline 0 0"><span class='ocrx_word' id='word_1_390' title='bbox 1814 2288 1837 2304; x_wconf 73' lang='lat'><em>0</em></span> 
     </span>
    </p>
   </div>
   <div class='ocr_carea' id='block_1_32' title="bbox 237 2275 543 2311">
    <p class='ocr_par' dir='ltr' id='par_1_34' title="bbox 237 2275 543 2311">
     <span class='ocr_line' id='line_1_70' title="bbox 237 2275 543 2311; baseline 0 -3"><span class='ocrx_word' id='word_1_391' title='bbox 237 2275 368 2308; x_wconf 80' lang='lat' dir='ltr'><strong>Parad.</strong></span> <span class='ocrx_word' id='word_1_392' title='bbox 396 2276 444 2307; x_wconf 87' lang='lat' dir='ltr'><strong>Xl</strong></span> <span class='ocrx_word' id='word_1_393' title='bbox 473 2277 543 2311; x_wconf 85' lang='lat'><strong>4-6.</strong></span> 
     </span>
    </p>
   </div>
   <div class='ocr_carea' id='block_1_33' title="bbox 328 2313 2023 2373">
    <p class='ocr_par' dir='ltr' id='par_1_35' title="bbox 328 2313 2023 2373">
     <span class='ocr_line' id='line_1_71' title="bbox 328 2313 2023 2373; baseline 0.002 -15"><span class='ocrx_word' id='word_1_394' title='bbox 328 2319 505 2366; x_wconf 69' lang='lat' dir='ltr'><strong>palmam</strong></span> <span class='ocrx_word' id='word_1_395' title='bbox 537 2313 642 2359; x_wconf 71' lang='grc' dir='ltr'><strong>Ιᾶηῆ</strong></span> <span class='ocrx_word' id='word_1_396' title='bbox 672 2323 814 2367; x_wconf 75' lang='grc' dir='ltr'><strong><em>ὸΓᾶυΙἹ,</em></strong></span> <span class='ocrx_word' id='word_1_397' title='bbox 851 2328 994 2362; x_wconf 84' lang='lat' dir='ltr'><strong>rioorda</strong></span> <span class='ocrx_word' id='word_1_398' title='bbox 1030 2331 1056 2363; x_wconf 87' lang='lat' dir='ltr'><strong>il</strong></span> <span class='ocrx_word' id='word_1_399' title='bbox 1082 2328 1303 2373; x_wconf 79' lang='lat' dir='ltr'><strong>virgiliano:</strong></span> <span class='ocrx_word' id='word_1_400' title='bbox 1331 2331 1476 2363; x_wconf 85' lang='lat' dir='ltr'><strong>Primus</strong></span> <span class='ocrx_word' id='word_1_401' title='bbox 1515 2331 1707 2363; x_wconf 82' lang='lat' dir='ltr'><strong>Idumaeas</strong></span> <span class='ocrx_word' id='word_1_402' title='bbox 1746 2330 1899 2363; x_wconf 81' lang='lat' dir='ltr'><strong>referam</strong></span> <span class='ocrx_word' id='word_1_403' title='bbox 1939 2332 2023 2369; x_wconf 83' lang='lat' dir='ltr'><strong>tibi,</strong></span> 
     </span>
    </p>
   </div>
   <div class='ocr_carea' id='block_1_34' title="bbox 237 2370 909 2414">
    <p class='ocr_par' dir='ltr' id='par_1_36' title="bbox 237 2370 909 2414">
     <span class='ocr_line' id='line_1_72' title="bbox 237 2370 909 2414; baseline 0.009 -12"><span class='ocrx_word' id='word_1_404' title='bbox 237 2370 402 2410; x_wconf 79' lang='lat' dir='ltr'><strong>Mantua,</strong></span> <span class='ocrx_word' id='word_1_405' title='bbox 426 2371 581 2411; x_wconf 74' lang='lat' dir='ltr'><strong>palmas.</strong></span> <span class='ocrx_word' id='word_1_406' title='bbox 606 2371 739 2414; x_wconf 83' lang='lat' dir='ltr'><strong>Georg.</strong></span> <span class='ocrx_word' id='word_1_407' title='bbox 768 2374 825 2406; x_wconf 91' lang='lat'><strong>111</strong></span> <span class='ocrx_word' id='word_1_408' title='bbox 853 2377 909 2408; x_wconf 85' lang='lat'><strong>12.</strong></span> 
     </span>
    </p>
   </div>
   <div class='ocr_carea' id='block_1_35' title="bbox 237 2414 2024 2987">
    <p class='ocr_par' dir='ltr' id='par_1_37' title="bbox 237 2414 2024 2987">
     <span class='ocr_line' id='line_1_73' title="bbox 307 2414 2022 2472; baseline 0.002 -20"><span class='ocrx_word' id='word_1_409' title='bbox 307 2465 314 2472; x_wconf 37' lang='lat'><em>⁶</em></span> <span class='ocrx_word' id='word_1_410' title='bbox 331 2414 548 2472; x_wconf 42' lang='lat' dir='ltr'><strong>cle-lvmine</strong></span> <span class='ocrx_word' id='word_1_411' title='bbox 563 2415 829 2463; x_wconf 64' lang='lat' dir='ltr'><strong>Laryl&#39;forls...</strong></span> <span class='ocrx_word' id='word_1_412' title='bbox 858 2424 986 2456; x_wconf 84' lang='lat' dir='ltr'><strong>Parole</strong></span> <span class='ocrx_word' id='word_1_413' title='bbox 1011 2425 1050 2456; x_wconf 84' lang='lat' dir='ltr'><strong>di</strong></span> <span class='ocrx_word' id='word_1_414' title='bbox 1077 2425 1113 2457; x_wconf 83' lang='lat' dir='ltr'><strong>S.</strong></span> <span class='ocrx_word' id='word_1_415' title='bbox 1133 2424 1311 2468; x_wconf 83' lang='lat' dir='ltr'><strong>Iaoopo(1</strong></span> <span class='ocrx_word' id='word_1_416' title='bbox 1335 2426 1390 2467; x_wconf 82' lang='grc'><strong>5);</strong></span> <span class='ocrx_word' id='word_1_417' title='bbox 1418 2425 1542 2466; x_wconf 80' lang='lat' dir='ltr'><strong>Siquis</strong></span> <span class='ocrx_word' id='word_1_418' title='bbox 1560 2428 1682 2457; x_wconf 82' lang='lat' dir='ltr'><strong>autem</strong></span> <span class='ocrx_word' id='word_1_419' title='bbox 1697 2427 1860 2457; x_wconf 73' lang='lat' dir='ltr'><strong>vestrum</strong></span> <span class='ocrx_word' id='word_1_420' title='bbox 1879 2426 2022 2466; x_wconf 80' lang='lat' dir='ltr'><strong>indiget</strong></span> 
     </span>
     <span class='ocr_line' id='line_1_74' title="bbox 237 2467 2019 2521; baseline 0.003 -24"><span class='ocrx_word' id='word_1_421' title='bbox 237 2467 421 2506; x_wconf 76' lang='lat' dir='ltr'><strong>saplentia</strong></span> <span class='ocrx_word' id='word_1_422' title='bbox 445 2467 607 2521; x_wconf 75' lang='lat' dir='ltr'><strong>postulet</strong></span> <span class='ocrx_word' id='word_1_423' title='bbox 625 2477 647 2499; x_wconf 81' lang='lat' dir='ltr'><strong>a</strong></span> <span class='ocrx_word' id='word_1_424' title='bbox 671 2468 759 2509; x_wconf 80' lang='lat' dir='ltr'><strong>Deo,</strong></span> <span class='ocrx_word' id='word_1_425' title='bbox 785 2470 848 2510; x_wconf 87' lang='lat' dir='ltr'><strong>qui</strong></span> <span class='ocrx_word' id='word_1_426' title='bbox 867 2471 930 2504; x_wconf 78' lang='lat' dir='ltr'><strong>dat</strong></span> <span class='ocrx_word' id='word_1_427' title='bbox 956 2473 1126 2505; x_wconf 84' lang='lat' dir='ltr'><strong>omnibus</strong></span> <span class='ocrx_word' id='word_1_428' title='bbox 1152 2472 1344 2506; x_wconf 84' lang='lat' dir='ltr'><strong>affluenter</strong></span> <span class='ocrx_word' id='word_1_429' title='bbox 1358 2477 1394 2505; x_wconf 87' lang='lat' dir='ltr'><strong>et</strong></span> <span class='ocrx_word' id='word_1_430' title='bbox 1409 2483 1479 2505; x_wconf 89' lang='lat' dir='ltr'><strong>non</strong></span> <span class='ocrx_word' id='word_1_431' title='bbox 1497 2474 1733 2513; x_wconf 79' lang='lat' dir='ltr'><strong>improperat,</strong></span> <span class='ocrx_word' id='word_1_432' title='bbox 1751 2475 1787 2504; x_wconf 88' lang='lat' dir='ltr'><strong>et</strong></span> <span class='ocrx_word' id='word_1_433' title='bbox 1805 2473 1954 2504; x_wconf 76' lang='lat' dir='ltr'><strong>dabitur</strong></span> <span class='ocrx_word' id='word_1_434' title='bbox 1967 2482 2019 2504; x_wconf 84' lang='lat' dir='ltr'><strong>ee.</strong></span> 
     </span>
     <span class='ocr_line' id='line_1_75' title="bbox 304 2512 2023 2566; baseline 0.005 -23"><span class='ocrx_word' id='word_1_435' title='bbox 304 2558 311 2566; x_wconf 37' lang='lat'>⁸</span> <span class='ocrx_word' id='word_1_436' title='bbox 333 2512 383 2544; x_wconf 91' lang='grc' dir='ltr'><strong>ΙΙ.</strong></span> <span class='ocrx_word' id='word_1_437' title='bbox 410 2512 571 2546; x_wconf 80' lang='lat' dir='ltr'><strong>Secondo</strong></span> <span class='ocrx_word' id='word_1_438' title='bbox 596 2524 609 2546; x_wconf 84' lang='lat'><em>1</em></span> <span class='ocrx_word' id='word_1_439' title='bbox 635 2518 790 2555; x_wconf 81' lang='lat' dir='ltr'><strong>preoetti</strong></span> <span class='ocrx_word' id='word_1_440' title='bbox 815 2518 914 2552; x_wconf 74' lang='lat' dir='ltr'><strong>della</strong></span> <span class='ocrx_word' id='word_1_441' title='bbox 939 2519 1061 2560; x_wconf 75' lang='lat' dir='ltr'><strong>logica</strong></span> <span class='ocrx_word' id='word_1_442' title='bbox 1080 2521 1112 2552; x_wconf 82' lang='lat' dir='ltr'><strong>ei</strong></span> <span class='ocrx_word' id='word_1_443' title='bbox 1130 2521 1314 2552; x_wconf 75' lang='lat' dir='ltr'><strong>cominoia</strong></span> <span class='ocrx_word' id='word_1_444' title='bbox 1338 2521 1396 2552; x_wconf 86' lang='lat' dir='ltr'><strong>ool</strong></span> <span class='ocrx_word' id='word_1_445' title='bbox 1422 2521 1509 2553; x_wconf 79' lang='lat' dir='ltr'><strong>dare</strong></span> <span class='ocrx_word' id='word_1_446' title='bbox 1536 2520 1571 2552; x_wconf 79' lang='lat' dir='ltr'><strong>la</strong></span> <span class='ocrx_word' id='word_1_447' title='bbox 1589 2520 1809 2552; x_wconf 84' lang='lat' dir='ltr'><strong>detinizione</strong></span> <span class='ocrx_word' id='word_1_448' title='bbox 1827 2530 1845 2552; x_wconf 88' lang='lat' dir='ltr'><strong>e</strong></span> <span class='ocrx_word' id='word_1_449' title='bbox 1865 2520 2023 2552; x_wconf 83' lang='lat' dir='ltr'><strong>l’etimo-</strong></span> 
     </span>
     <span class='ocr_line' id='line_1_76' title="bbox 238 2559 2019 2610; baseline 0.005 -20"><span class='ocrx_word' id='word_1_450' title='bbox 238 2559 339 2610; x_wconf 76' lang='lat' dir='ltr'><strong>logia</strong></span> <span class='ocrx_word' id='word_1_451' title='bbox 363 2559 462 2592; x_wconf 79' lang='lat' dir='ltr'><strong>della</strong></span> <span class='ocrx_word' id='word_1_452' title='bbox 486 2561 624 2602; x_wconf 71' lang='lat' dir='ltr'><strong>parole,</strong></span> <span class='ocrx_word' id='word_1_453' title='bbox 651 2563 710 2602; x_wconf 90' lang='lat' dir='ltr'><strong>poi</strong></span> <span class='ocrx_word' id='word_1_454' title='bbox 738 2573 847 2605; x_wconf 83' lang='lat' dir='ltr'><strong>segne</strong></span> <span class='ocrx_word' id='word_1_455' title='bbox 873 2565 910 2597; x_wconf 78' lang='lat' dir='ltr'><strong>la</strong></span> <span class='ocrx_word' id='word_1_456' title='bbox 935 2567 1139 2607; x_wconf 81' lang='lat' dir='ltr'><strong>partizione</strong></span> <span class='ocrx_word' id='word_1_457' title='bbox 1166 2577 1185 2599; x_wconf 91' lang='lat' dir='ltr'><strong>e</strong></span> <span class='ocrx_word' id='word_1_458' title='bbox 1213 2568 1399 2600; x_wconf 74' lang='lat' dir='ltr'><strong>l’aooenno</strong></span> <span class='ocrx_word' id='word_1_459' title='bbox 1439 2568 1474 2599; x_wconf 82' lang='lat' dir='ltr'><strong>al</strong></span> <span class='ocrx_word' id='word_1_460' title='bbox 1515 2568 1788 2608; x_wconf 83' lang='lat' dir='ltr'><strong>prooedimento</strong></span> <span class='ocrx_word' id='word_1_461' title='bbox 1830 2567 2019 2599; x_wconf 79' lang='lat' dir='ltr'><strong>analitieo.</strong></span> 
     </span>
     <span class='ocr_line' id='line_1_77' title="bbox 337 2608 2020 2656; baseline 0.004 -16"><span class='ocrx_word' id='word_1_462' title='bbox 337 2613 463 2650; x_wconf 72' lang='lat' dir='ltr'><strong>supe!</strong></span> <span class='ocrx_word' id='word_1_463' title='bbox 472 2614 617 2643; x_wconf 78' lang='lat' dir='ltr'><strong>omnes</strong></span> <span class='ocrx_word' id='word_1_464' title='bbox 633 2608 677 2641; x_wconf 89' lang='lat' dir='ltr'><strong>G.</strong></span> <span class='ocrx_word' id='word_1_465' title='bbox 694 2610 866 2644; x_wconf 74' lang='lat' dir='ltr'><strong>VlLLANI</strong></span> <span class='ocrx_word' id='word_1_466' title='bbox 880 2613 897 2644; x_wconf 97' lang='lat' dir='ltr'>I</span> <span class='ocrx_word' id='word_1_467' title='bbox 912 2613 968 2646; x_wconf 85' lang='lat'><strong>40.</strong></span> <span class='ocrx_word' id='word_1_468' title='bbox 983 2613 1171 2655; x_wconf 83' lang='lat' dir='ltr'><strong>L&#39;Impero</strong></span> <span class='ocrx_word' id='word_1_469' title='bbox 1185 2615 1387 2647; x_wconf 78' lang='lat' dir='ltr'><strong>dev&#39;essere</strong></span> <span class='ocrx_word' id='word_1_470' title='bbox 1403 2624 1510 2655; x_wconf 81' lang='lat' dir='ltr'><strong>sopra</strong></span> <span class='ocrx_word' id='word_1_471' title='bbox 1525 2615 1612 2655; x_wconf 79' lang='lat' dir='ltr'><strong>ogni</strong></span> <span class='ocrx_word' id='word_1_472' title='bbox 1629 2615 1794 2656; x_wconf 79' lang='lat' dir='ltr'><strong>signoria</strong></span> <span class='ocrx_word' id='word_1_473' title='bbox 1807 2615 2020 2655; x_wconf 64' lang='lat' dir='ltr'><strong>temporale.</strong></span> 
     </span>
     <span class='ocr_line' id='line_1_78' title="bbox 331 2651 1885 2710; baseline 0.003 -22"><span class='ocrx_word' id='word_1_474' title='bbox 331 2651 430 2697; x_wconf 74' lang='lat' dir='ltr'><strong>typo</strong></span> <span class='ocrx_word' id='word_1_475' title='bbox 453 2651 496 2708; x_wconf 59' lang='lat' dir='ltr'><strong>e(</strong></span> <span class='ocrx_word' id='word_1_476' title='bbox 516 2652 740 2710; x_wconf 45' lang='lat' dir='ltr'><strong>secun-dvm</strong></span> <span class='ocrx_word' id='word_1_477' title='bbox 764 2655 1037 2695; x_wconf 74' lang='lat' dir='ltr'><strong>intentionem.</strong></span> <span class='ocrx_word' id='word_1_478' title='bbox 1068 2661 1176 2694; x_wconf 79' lang='lat' dir='ltr'><strong>idest.</strong></span> <span class='ocrx_word' id='word_1_479' title='bbox 1206 2663 1429 2702; x_wconf 68' lang='lat' dir='ltr'><strong>figuranter.</strong></span> <span class='ocrx_word' id='word_1_480' title='bbox 1458 2662 1582 2696; x_wconf 75' lang='lat' dir='ltr'><strong>Ethio.</strong></span> <span class='ocrx_word' id='word_1_481' title='bbox 1611 2663 1707 2701; x_wconf 63' lang='lat' dir='ltr'><strong>Nic„</strong></span> <span class='ocrx_word' id='word_1_482' title='bbox 1735 2662 1806 2693; x_wconf 73' lang='lat' dir='ltr'><strong>leot</strong></span> <span class='ocrx_word' id='word_1_483' title='bbox 1832 2662 1885 2693; x_wconf 72' lang='lat'><strong>9⁸.</strong></span> 
     </span>
     <span class='ocr_line' id='line_1_79' title="bbox 331 2699 2021 2757; baseline 0.004 -22"><span class='ocrx_word' id='word_1_484' title='bbox 331 2708 381 2755; x_wconf 67' lang='lat' dir='ltr'><strong>ex</strong></span> <span class='ocrx_word' id='word_1_485' title='bbox 406 2699 768 2757; x_wconf 35' lang='lat' dir='ltr'><strong>verna-replicatus</strong></span> <span class='ocrx_word' id='word_1_486' title='bbox 789 2703 1019 2750; x_wconf 74' lang='lat' dir='ltr'><strong>principii...</strong></span> <span class='ocrx_word' id='word_1_487' title='bbox 1054 2709 1085 2740; x_wconf 91' lang='lat'><strong>11</strong></span> <span class='ocrx_word' id='word_1_488' title='bbox 1111 2709 1297 2749; x_wconf 73' lang='lat' dir='ltr'><strong>principio</strong></span> <span class='ocrx_word' id='word_1_489' title='bbox 1322 2719 1344 2741; x_wconf 89' lang='lat' dir='ltr'><strong>o</strong></span> <span class='ocrx_word' id='word_1_490' title='bbox 1370 2710 1529 2741; x_wconf 79' lang='lat' dir='ltr'><strong>assioma</strong></span> <span class='ocrx_word' id='word_1_491' title='bbox 1554 2711 1573 2741; x_wconf 66' lang='grc' dir='ltr'>ὸ</span> <span class='ocrx_word' id='word_1_492' title='bbox 1610 2710 1647 2741; x_wconf 78' lang='lat' dir='ltr'><strong>la.</strong></span> <span class='ocrx_word' id='word_1_493' title='bbox 1684 2710 1821 2742; x_wconf 61' lang='lat' dir='ltr'><strong>verita,</strong></span> <span class='ocrx_word' id='word_1_494' title='bbox 1845 2709 1912 2741; x_wconf 80' lang='lat' dir='ltr'><strong>ohe</strong></span> <span class='ocrx_word' id='word_1_495' title='bbox 1950 2718 2021 2741; x_wconf 83' lang='lat' dir='ltr'><strong>non</strong></span> 
     </span>
     <span class='ocr_line' id='line_1_80' title="bbox 239 2747 1989 2804; baseline 0.005 -24"><span class='ocrx_word' id='word_1_496' title='bbox 239 2747 287 2780; x_wconf 79' lang='lat' dir='ltr'><strong>ha</strong></span> <span class='ocrx_word' id='word_1_497' title='bbox 312 2748 465 2790; x_wconf 68' lang='lat' dir='ltr'><strong>brsogno</strong></span> <span class='ocrx_word' id='word_1_498' title='bbox 490 2750 528 2781; x_wconf 78' lang='lat' dir='ltr'><strong>di</strong></span> <span class='ocrx_word' id='word_1_499' title='bbox 554 2750 847 2804; x_wconf 69' lang='lat' dir='ltr'><strong>dunpstmzione,</strong></span> <span class='ocrx_word' id='word_1_500' title='bbox 873 2755 892 2786; x_wconf 77' lang='lat' dir='ltr'><strong>e</strong></span> <span class='ocrx_word' id='word_1_501' title='bbox 920 2765 938 2786; x_wconf 71' lang='grc' dir='ltr'>α</span> <span class='ocrx_word' id='word_1_502' title='bbox 965 2755 994 2786; x_wconf 89' lang='lat' dir='ltr'><strong>il</strong></span> <span class='ocrx_word' id='word_1_503' title='bbox 1020 2764 1084 2787; x_wconf 82' lang='lat' dir='ltr'><strong>ver</strong></span> <span class='ocrx_word' id='word_1_504' title='bbox 1108 2756 1228 2796; x_wconf 84' lang='lat' dir='ltr'><strong>primo</strong></span> <span class='ocrx_word' id='word_1_505' title='bbox 1254 2757 1320 2788; x_wconf 87' lang='lat' dir='ltr'><strong>ohe</strong></span> <span class='ocrx_word' id='word_1_506' title='bbox 1347 2756 1457 2788; x_wconf 84' lang='lat' dir='ltr'><strong>l’uom</strong></span> <span class='ocrx_word' id='word_1_507' title='bbox 1485 2757 1590 2788; x_wconf 81' lang='lat' dir='ltr'><strong>erede</strong></span> <span class='ocrx_word' id='word_1_508' title='bbox 1617 2765 1650 2790; x_wconf 83' lang='lat'><strong>».</strong></span> <span class='ocrx_word' id='word_1_509' title='bbox 1678 2756 1808 2788; x_wconf 76' lang='lat' dir='ltr'><strong>Parad.</strong></span> <span class='ocrx_word' id='word_1_510' title='bbox 1840 2756 1901 2798; x_wconf 87' lang='lat'><strong>11.,</strong></span> <span class='ocrx_word' id='word_1_511' title='bbox 1930 2757 1989 2789; x_wconf 81' lang='lat'><strong>45.</strong></span> 
     </span>
     <span class='ocr_line' id='line_1_81' title="bbox 331 2794 2020 2846; baseline 0.003 -16"><span class='ocrx_word' id='word_1_512' title='bbox 331 2803 508 2832; x_wconf 79' lang='lat' dir='ltr'><strong>necesse</strong></span> <span class='ocrx_word' id='word_1_513' title='bbox 531 2794 599 2832; x_wconf 75' lang='lat' dir='ltr'><strong>est</strong></span> <span class='ocrx_word' id='word_1_514' title='bbox 620 2805 660 2833; x_wconf 88' lang='lat' dir='ltr'><strong>m</strong></span> <span class='ocrx_word' id='word_1_515' title='bbox 687 2796 871 2841; x_wconf 68' lang='lat' dir='ltr'><strong>qualibet</strong></span> <span class='ocrx_word' id='word_1_516' title='bbox 891 2797 1155 2845; x_wconf 77' lang='lat' dir='ltr'><strong>inqutsmone</strong></span> <span class='ocrx_word' id='word_1_517' title='bbox 1179 2799 1330 2838; x_wconf 80' lang='lat' dir='ltr'><strong>habere</strong></span> <span class='ocrx_word' id='word_1_518' title='bbox 1355 2800 1540 2838; x_wconf 75' lang='lat' dir='ltr'><strong>notitiam</strong></span> <span class='ocrx_word' id='word_1_519' title='bbox 1565 2800 1617 2838; x_wconf 80' lang='lat' dir='ltr'><strong>de</strong></span> <span class='ocrx_word' id='word_1_520' title='bbox 1647 2799 1892 2846; x_wconf 71' lang='lat' dir='ltr'><strong>principio...</strong></span> <span class='ocrx_word' id='word_1_521' title='bbox 1934 2804 2020 2836; x_wconf 80' lang='lat' dir='ltr'><strong>Eth.</strong></span> 
     </span>
     <span class='ocr_line' id='line_1_82' title="bbox 241 2841 2021 2898; baseline 0.005 -24"><span class='ocrx_word' id='word_1_522' title='bbox 241 2841 480 2898; x_wconf 36' lang='lat' dir='ltr'><strong>Vl,1eot.·5³.</strong></span> <span class='ocrx_word' id='word_1_523' title='bbox 516 2844 583 2877; x_wconf 81' lang='lat' dir='ltr'><strong>Est</strong></span> <span class='ocrx_word' id='word_1_524' title='bbox 621 2847 744 2878; x_wconf 82' lang='lat' dir='ltr'><strong>autem</strong></span> <span class='ocrx_word' id='word_1_525' title='bbox 775 2847 1079 2881; x_wconf 78' lang='lat' dir='ltr'><strong>considerandum</strong></span> <span class='ocrx_word' id='word_1_526' title='bbox 1105 2851 1204 2881; x_wconf 74' lang='lat' dir='ltr'><strong>eirea</strong></span> <span class='ocrx_word' id='word_1_527' title='bbox 1229 2850 1422 2882; x_wconf 74' lang='lat' dir='ltr'><strong>seientiam</strong></span> <span class='ocrx_word' id='word_1_528' title='bbox 1453 2860 1577 2882; x_wconf 81' lang='lat' dir='ltr'><strong>eornm</strong></span> <span class='ocrx_word' id='word_1_529' title='bbox 1602 2860 1681 2891; x_wconf 72' lang='lat' dir='ltr'><strong>quw</strong></span> <span class='ocrx_word' id='word_1_530' title='bbox 1711 2851 2021 2891; x_wconf 76' lang='lat' dir='ltr'><strong>demonstrantur,</strong></span> 
     </span>
     <span class='ocr_line' id='line_1_83' title="bbox 239 2889 2023 2940; baseline 0.006 -20"><span class='ocrx_word' id='word_1_531' title='bbox 239 2889 336 2928; x_wconf 81' lang='lat' dir='ltr'><strong>quod</strong></span> <span class='ocrx_word' id='word_1_532' title='bbox 353 2890 473 2931; x_wconf 74' lang='lat' dir='ltr'><strong>Ipsius</strong></span> <span class='ocrx_word' id='word_1_533' title='bbox 489 2892 653 2924; x_wconf 69' lang='lat' dir='ltr'><strong>scientiae</strong></span> <span class='ocrx_word' id='word_1_534' title='bbox 667 2903 747 2934; x_wconf 70' lang='lat' dir='ltr'><strong>quie</strong></span> <span class='ocrx_word' id='word_1_535' title='bbox 772 2896 828 2926; x_wconf 82' lang='lat' dir='ltr'><strong>est</strong></span> <span class='ocrx_word' id='word_1_536' title='bbox 854 2894 953 2927; x_wconf 76' lang='lat' dir='ltr'><strong>eirea</strong></span> <span class='ocrx_word' id='word_1_537' title='bbox 965 2896 1268 2928; x_wconf 72' lang='lat' dir='ltr'><strong>demonstrabilia</strong></span> <span class='ocrx_word' id='word_1_538' title='bbox 1283 2907 1428 2929; x_wconf 74' lang='lat' dir='ltr'><strong>neeesse</strong></span> <span class='ocrx_word' id='word_1_539' title='bbox 1454 2900 1510 2930; x_wconf 79' lang='lat' dir='ltr'><strong>est</strong></span> <span class='ocrx_word' id='word_1_540' title='bbox 1537 2907 1615 2929; x_wconf 81' lang='lat' dir='ltr'><strong>esse</strong></span> <span class='ocrx_word' id='word_1_541' title='bbox 1629 2897 1792 2937; x_wconf 68' lang='lat' dir='ltr'><strong>«praedam</strong></span> <span class='ocrx_word' id='word_1_542' title='bbox 1819 2900 2023 2940; x_wconf 78' lang='lat' dir='ltr'><strong>prineipia3</strong></span> 
     </span>
     <span class='ocr_line' id='line_1_84' title="bbox 248 2935 2024 2987; baseline 0.007 -21"><span class='ocrx_word' id='word_1_543' title='bbox 248 2935 344 2975; x_wconf 77' lang='lat' dir='ltr'><strong>quod</strong></span> <span class='ocrx_word' id='word_1_544' title='bbox 370 2946 415 2969; x_wconf 83' lang='lat' dir='ltr'><strong>ex</strong></span> <span class='ocrx_word' id='word_1_545' title='bbox 432 2937 500 2973; x_wconf 85' lang='lat' dir='ltr'><strong>hoe</strong></span> <span class='ocrx_word' id='word_1_546' title='bbox 519 2941 621 2979; x_wconf 76' lang='lat' dir='ltr'><strong>patet</strong></span> <span class='ocrx_word' id='word_1_547' title='bbox 645 2941 743 2981; x_wconf 82' lang='lat' dir='ltr'><strong>quod</strong></span> <span class='ocrx_word' id='word_1_548' title='bbox 761 2941 918 2974; x_wconf 78' lang='lat' dir='ltr'><strong>seientia</strong></span> <span class='ocrx_word' id='word_1_549' title='bbox 934 2946 991 2975; x_wconf 80' lang='lat' dir='ltr'><strong>est</strong></span> <span class='ocrx_word' id='word_1_550' title='bbox 1007 2953 1089 2975; x_wconf 77' lang='lat' dir='ltr'><strong>euin</strong></span> <span class='ocrx_word' id='word_1_551' title='bbox 1108 2945 1250 2976; x_wconf 78' lang='lat' dir='ltr'><strong>ratione</strong></span> <span class='ocrx_word' id='word_1_552' title='bbox 1260 2945 1560 2977; x_wconf 75' lang='lat' dir='ltr'><strong>demonstrativa</strong></span> <span class='ocrx_word' id='word_1_553' title='bbox 1578 2944 1795 2986; x_wconf 77' lang='lat' dir='ltr'><strong>procedente</strong></span> <span class='ocrx_word' id='word_1_554' title='bbox 1820 2956 1866 2978; x_wconf 81' lang='lat' dir='ltr'><strong>ex</strong></span> <span class='ocrx_word' id='word_1_555' title='bbox 1891 2947 2024 2987; x_wconf 78' lang='lat' dir='ltr'><strong>princi-</strong></span> 
     </span>
    </p>
   </div>
   <div class='ocr_carea' id='block_1_36' title="bbox 242 2981 678 3022">
    <p class='ocr_par' dir='ltr' id='par_1_38' title="bbox 242 2981 678 3022">
     <span class='ocr_line' id='line_1_85' title="bbox 242 2981 678 3022; baseline 0.014 -9"><span class='ocrx_word' id='word_1_556' title='bbox 242 2981 316 3022; x_wconf 81' lang='lat' dir='ltr'><strong>piis</strong></span> <span class='ocrx_word' id='word_1_557' title='bbox 346 2983 385 3015; x_wconf 89' lang='lat' dir='ltr'><strong>in</strong></span> <span class='ocrx_word' id='word_1_558' title='bbox 411 2985 678 3019; x_wconf 75' lang='lat' dir='ltr'><strong>conclusiones.</strong></span> 
     </span>
    </p>
   </div>
   <div class='ocr_carea' id='block_1_37' title="bbox 242 3025 2024 3134">
    <p class='ocr_par' dir='ltr' id='par_1_39' title="bbox 242 3025 2024 3134">
     <span class='ocr_line' id='line_1_86' title="bbox 264 3025 2024 3087; baseline 0.006 -24"><span class='ocrx_word' id='word_1_559' title='bbox 264 3075 270 3082; x_wconf 45' lang='lat'><strong>·</strong></span> <span class='ocrx_word' id='word_1_560' title='bbox 335 3025 560 3087; x_wconf 57' lang='grc' dir='ltr'><strong>ΙηςυΙΒῙΙξο,</strong></span> <span class='ocrx_word' id='word_1_561' title='bbox 587 3034 607 3065; x_wconf 76' lang='lat' dir='ltr'><strong>e</strong></span> <span class='ocrx_word' id='word_1_562' title='bbox 633 3035 788 3067; x_wconf 87' lang='lat' dir='ltr'><strong>termine</strong></span> <span class='ocrx_word' id='word_1_563' title='bbox 813 3035 911 3068; x_wconf 77' lang='lat' dir='ltr'><strong>della</strong></span> <span class='ocrx_word' id='word_1_564' title='bbox 938 3036 1060 3077; x_wconf 76' lang='lat' dir='ltr'><strong>logica</strong></span> <span class='ocrx_word' id='word_1_565' title='bbox 1085 3038 1312 3070; x_wconf 75' lang='lat' dir='ltr'><strong>aristotelica</strong></span> <span class='ocrx_word' id='word_1_566' title='bbox 1340 3042 1486 3078; x_wconf 74' lang='lat' dir='ltr'><strong>passato</strong></span> <span class='ocrx_word' id='word_1_567' title='bbox 1513 3039 1610 3070; x_wconf 75' lang='lat' dir='ltr'><strong>nella</strong></span> <span class='ocrx_word' id='word_1_568' title='bbox 1637 3041 1831 3073; x_wconf 73' lang='lat' dir='ltr'><strong>scolastica</strong></span> <span class='ocrx_word' id='word_1_569' title='bbox 1875 3052 1938 3083; x_wconf 87' lang='lat' dir='ltr'><strong>per</strong></span> <span class='ocrx_word' id='word_1_570' title='bbox 1963 3043 2024 3074; x_wconf 76' lang='lat' dir='ltr'><strong>de-</strong></span> 
     </span>
     <span class='ocr_line' id='line_1_87' title="bbox 242 3080 1766 3134; baseline 0.009 -27"><span class='ocrx_word' id='word_1_571' title='bbox 242 3084 388 3117; x_wconf 71' lang='lat' dir='ltr'><strong>elgnare</strong></span> <span class='ocrx_word' id='word_1_572' title='bbox 414 3087 485 3110; x_wconf 79' lang='lat' dir='ltr'><strong>una</strong></span> <span class='ocrx_word' id='word_1_573' title='bbox 510 3080 684 3134; x_wconf 70' lang='lat' dir='ltr'><strong>indagine</strong></span> <span class='ocrx_word' id='word_1_574' title='bbox 709 3082 883 3115; x_wconf 82' lang='lat' dir='ltr'><strong>eondotta</strong></span> <span class='ocrx_word' id='word_1_575' title='bbox 908 3093 976 3115; x_wconf 84' lang='lat' dir='ltr'><strong>oon</strong></span> <span class='ocrx_word' id='word_1_576' title='bbox 1005 3084 1148 3116; x_wconf 86' lang='lat' dir='ltr'><strong>metodo</strong></span> <span class='ocrx_word' id='word_1_577' title='bbox 1175 3085 1393 3119; x_wconf 80' lang='lat' dir='ltr'><strong>seientitioo.</strong></span> <span class='ocrx_word' id='word_1_578' title='bbox 1422 3084 1524 3129; x_wconf 61' lang='lat' dir='ltr'><strong>(leth.</strong></span> <span class='ocrx_word' id='word_1_579' title='bbox 1552 3086 1607 3117; x_wconf 92' lang='lat'><strong>111</strong></span> <span class='ocrx_word' id='word_1_580' title='bbox 1635 3089 1666 3126; x_wconf 87' lang='grc'><strong>3,</strong></span> <span class='ocrx_word' id='word_1_581' title='bbox 1697 3090 1766 3127; x_wconf 79' lang='lat'><strong>12).</strong></span> 
     </span>
    </p>
   </div>
  </div>
 </body>
</html>
