2248 3372
1030 183 1159 208 PARTE
1188 182 1232 206 11.
1907 170 1974 202 189

242 254 2023 278 mmmmmm

237 354 378 400 possit.
396 332 534 390 ›sMulta
562 351 662 389 enim
692 350 803 387 Deus
830 360 900 396 per
929 349 1095 396 angelos

230 384 413 456 ’femur-{t
441 411 535 449 facit
576 414 617 448 et
657 409 832 447 facturus
874 411 947 452 est,
992 418 1093 454 quae
1124 449 1126 461 Ι

214 473 410 513 -vicarius
438 471 524 514 Dei,
555 470 659 508 Petri
702 479 921 510 successor,
961 467 1094 504 facere

238 542 322 569 non
345 533 494 578 posset.
514 529 626 567 Unde
647 530 914 576 argumentum
934 527 1095 564 istorum

241 592 306 628 est
335 586 359 626 a¹
373 589 466 636 toto‘
476 588 525 625 ad
547 590 711 634 partem,
729 586 994 624 construendo
1015 586 1070 623 sic
1087 595 1095 621 :

245 649 376 686 Homo
406 650 539 694 potest
566 647 701 684 videre
731 649 772 684 et
799 646 960 689 audire;
998 655 1097 692 ergo

242 777 323 804 non
351 768 472 803 tenet.
502 766 675 803 Teneret
703 767 832 802 autem
857 764 1097 815 destructive

243 826 324 863 sic:
356 825 483 863 Homo
526 835 602 862 non
646 827 780 870 potest
820 825 970 866 volare,
1000 833 1098 870 ergo

243 895 321 922 nec
349 885 508 922 brachia
535 885 700 921 hominis
741 886 908 930 possunt
948 883 1097 919 volare.

245 943 295 980 Et
332 945 506 981 similiter
538 945 618 981 sic:
663 943 773 980 Deus
814 954 884 989 per
926 943 1098 979 nuntium

243 1002 379 1041 facere
421 1014 499 1040 non
543 1005 676 1049 potest
711 1004 845 1050 genita
887 1013 964 1039 non
1007 1013 1099 1039 esse

182 1091 184 1093 -
245 1063 394 1110 genita,
431 1063 538 1100 iuxta
580 1063 813 1099 sententiam
855 1061 1120 1109 Agathonisae

248 1133 348 1175 ergo
377 1133 449 1159 nec
477 1122 646 1159 vicarius
675 1122 760 1158 eius
787 1121 921 1158 facere
955 1124 1099 1167 potest.

301 1187 375 1224 Vll.
405 1186 618 1224 Assumunt
646 1187 762 1223 etiam
782 1186 831 1223 de
852 1187 982 1223 littera
1002 1187 1102 1223 Mat-

252 1246 356 1283 thaei
386 1246 592 1294 Magorum
635 1246 885 1289 oblationem,
923 1245 1101 1283 dicentes

250 1374 346 1407 rum,
375 1364 425 1401 ad
458 1363 753 1411 significandum
795 1365 966 1410 seipsum
1009 1375 1100 1402 esse

250 1421 444 1460 dominum
465 1426 506 1460 et
523 1424 827 1470 gubernatorem
847 1424 1100 1469 spiritualium

246 1483 288 1524 et
318 1483 599 1528 temporalium.
623 1482 680 1518 Ex
698 1493 776 1528 quo
796 1482 978 1526 inferunt,
994 1482 1102 1520 Chri·
1130 1513 1133 1523 .

247 1541 296 1578 sti
328 1541 511 1578 vicarium
554 1541 748 1578 dominum
786 1544 827 1578 et
863 1542 1101 1588 gubernato-

248 1610 334 1636 rem
373 1600 607 1643 eorundem3
655 1602 696 1637 et
741 1611 811 1646 per
852 1611 1102 1648 conseguens

249 1659 397 1714 habere
426 1662 675 1703 utrorumque
714 1660 998 1697 auctoritatem.
1041 1660 1101 1697 Ad
1131 1672 1132 1678 ¹

249 1717 324 1754 hoc
352 1718 610 1763 respondens,
640 1719 806 1755 litteram
836 1719 1027 1756 Matthaei
1061 1722 1102 1756 et
1131 1721 1133 1772 ζ
1174 1746 1290 1782 dune
1336 1756 1412 1782 non
1443 1746 1481 1782 lo
1529 1748 1725 1781 ammetto·
1774 1745 1860 1781 Essi
1899 1745 2028 1791 ragio-

251 1780 408 1807 sensum
437 1770 656 1815 confiteor;
686 1771 757 1809 sed
798 1772 903 1818 quod
946 1783 995 1809 ex
1037 1774 1101 1810 illa

250 1828 396 1866 ”fferre
439 1833 651 1897 ,conantur’
690 1833 878 1868 'nummo'
935 1831 1133 1899 syn-ogi'J
1175 1852 1236 1888 dei
1284 1852 1373 1889 beni
1421 1852 1611 1898 spirituali
1659 1863 1681 1888 e
1730 1852 1956 1897 temporali;
2004 1851 2028 1886 il

249 1890 341 1925 zant
385 1899 485 1926 enim
539 1900 606 1927 sm:
656 1890 766 1927 Deus
815 1893 878 1927 est
923 1891 1132 1929 dominus*

249 1947 503 1993 spiritualium
560 1952 601 1985 et
655 1951 947 1996 temporalium:
1004 1943 1132 1988 sum-¹

1131 2043 1133 2052 Α
1175 2013 1267 2048 tuali
1298 2023 1320 2048 e
1350 2013 1567 2058 temporali.

251 2016 336 2043 mus
365 2006 546 2044 Pontifex
575 2011 637 2045 est
670 2009 838 2046 vicarius
879 2010 963 2046 dei:
988 2021 1100 2058 ‘ergo

1166 346 1225 383 rio
1241 345 1278 382 di
1295 345 1382 387 Dio,
1399 353 1631 381 successore
1648 343 1684 380 di
1702 343 1834 380 Pietro
1854 353 1932 380 non
1958 353 2024 389 po-

1167 399 1306 436 trebbe
1354 397 1453 434 fare.
1484 397 1538 434 La
1559 397 1645 434 loro
1675 397 2022 444 argomentazione

1124 464 1127 478 ⁸
1168 451 1340 499 procede
1370 451 1433 487 dal
1464 455 1560 487 tulto
1590 451 1666 486 alla
1689 455 1819 496 parte,
1839 460 1912 487 con
1933 460 2024 496 que-

1169 508 1231 543 sta
1246 505 1372 542 forma
1402 503 1667 540 affermativa:
1699 503 1739 540 L’
1762 514 1878 540 uomo
1920 503 2023 540 vede

1126 573 1127 578 ¹
1169 571 1191 596 e
1208 558 1297 600 ode,
1314 558 1469 604 dunque
1481 558 1604 594 anche
1616 557 1864 603 l'occhiopuo
1876 556 2023 593 vedere

1126 622 1128 635 ’
1170 624 1193 650 e
1228 613 1348 655 udt're3
1378 623 1400 648 e
1429 613 1571 657 questo
1605 621 1681 647 non
1703 621 1839 658 regge.
1873 610 1910 646 ln
1944 609 2024 647 for-

243 708 384 745 oculus
412 709 544 754 potest
572 696 707 743 videre
728 708 770 743 et
796 705 944 748 audire;
964 707 1005 742 et
1023 705 1097 741 hoc
1127 686 1128 729 Ῐ
1170 677 1232 711 ma
1260 667 1448 713 negatum
1468 664 1660 710 pOtrebbe
1682 665 1840 700 andare:
1863 664 1891 700 L
1907 674 2024 700 nomo

1170 727 1247 756 non
1279 720 1356 765 pub
1385 718 1535 759 volare,
1578 718 1733 763 dunque
1775 728 1949 763 neppure
1987 718 2024 753 le

1170 773 1326 810 braccia
1355 770 1445 809 dell‘
1462 782 1578 808 uomo
1609 782 1784 816 possono
1813 771 1971 814 volare;
2002 781 2023 806 e

1171 827 1422 864 similmente:
1452 825 1528 862 Dio
1558 835 1627 870 per
1648 835 1780 861 mezzo
1801 825 1863 861 del
1884 825 2024 860 nunzio

1171 891 1248 917 non
1279 881 1356 926 puo
1386 878 1471 916 fare
1501 879 1572 915 che
1615 879 1652 915 le
1695 889 1790 915 cose
1833 880 2025 925 generate

1171 944 1248 970 non
1279 933 1391 970 siano
1419 934 1624 980 generate,
1653 931 1829 968 secondo
1867 932 1904 967 la
1942 941 2028 968 sen-

1171 990 1287 1024 tenza
1315 986 1352 1022 di
1381 985 1577 1033 Agatone,
1607 996 1629 1022 e
1686 985 1817 1031 percio
1852 995 2025 1030 neppure

1171 1041 1195 1077 il
1226 1051 1299 1077 suo
1328 1040 1475 1076 vicario
1504 1040 1581 1085 pub
1611 1037 1724 1075 farlo.

1228 1106 1303 1142 Vll.
1351 1105 1544 1152 VTolgono
1574 1103 1697 1140 anche
1741 1104 1803 1140 nel
1846 1088 2051 1150 Vangelo'

1143 1170 1145 1172 ·
1174 1158 1210 1195 di
1241 1159 1397 1195 Matteo
1427 1157 1449 1194 l’
1466 1157 1613 1195 offerta
1633 1157 1696 1194 dei
1711 1153 1839 1204 Magi,
1861 1155 2026 1193 dicendo

1174 1213 1245 1249 che
1276 1211 1410 1249 Cristo
1438 1212 1488 1248 ha
1517 1212 1694 1248 ricevuto
1723 1211 1774 1247 ad
1803 1221 1852 1247 un
1895 1213 2027 1256 tempo

337 1306 344 1313 ,
601 1306 608 1312 ,
731 1306 738 1312 ,
974 1296 977 1299 ,
1130 1289 1132 1302 ⁴
1164 1266 1335 1302 incenso
1365 1265 1414 1302 ed
1444 1275 1516 1302 oro
1532 1275 1602 1310 per
1623 1263 1846 1312 significare
1880 1263 2027 1310 ch'egli

253 1303 449 1343 Christum
478 1316 678 1351 recepisse
707 1306 817 1341 simul
846 1306 936 1342 thus
964 1307 1005 1341 et
1033 1316 1101 1342 au·
1130 1310 1133 1341 l

1173 1321 1306 1356 stesso
1336 1321 1359 1355 e
1388 1319 1548 1366 signore
1579 1329 1601 1354 e
1630 1317 1917 1365 reggitoredei
1938 1317 2026 1354 beni

1174 1372 1363 1418 spirituali
1393 1383 1415 1408 e
1436 1372 1662 1418 temporali.
1692 1371 1754 1407 Da
1774 1377 1915 1417 questo
1935 1369 2029 1407 infe-

1173 1426 1330 1463 riscono
1366 1426 1436 1462 che
1466 1426 1490 1461 il
1521 1424 1676 1462 'vicario
1719 1425 1755 1461 di
1800 1423 1933 1460 Cristo
1970 1423 2028 1460 sia

1174 1479 1278 1526 degli
1308 1479 1426 1516 stessi
1455 1479 1544 1515 beni
1575 1479 1734 1525 signore
1765 1489 1787 1514 e
1825 1477 2026 1524 reggitore

1174 1543 1197 1568 e
1227 1543 1296 1578 per
1311 1542 1588 1579 conseguenza
1605 1532 1720 1568 abbia
1742 1530 1765 1567 l'
1783 1531 1953 1567 autorita
1981 1541 2028 1573 su

1175 1585 1378 1622 ambedue.
1410 1585 1689 1636 Rispondendo
1710 1595 1733 1621 a
1753 1585 1813 1621 cio
1843 1586 2028 1620 ammetto

1174 1639 1198 1675 il
1228 1642 1415 1675 racconto
1445 1639 1481 1675 di
1511 1639 1667 1675 Matteo
1688 1638 1737 1674 ed
1767 1638 1790 1674 il
1820 1648 1895 1674 suo
1915 1637 2030 1684 signi-

1174 1691 1308 1735 ficato,
1338 1703 1399 1728 ma
1428 1693 1488 1728 cio
1518 1691 1576 1728 ch'
1593 1692 1671 1728 essi
1702 1701 1870 1728 cercano
1899 1691 1936 1727 di
1966 1690 2030 1727 de-

1174 1809 1278 1835 nano
1307 1809 1331 1835 a
1366 1800 1508 1845 questo
1538 1798 1681 1835 modo:
1713 1798 1787 1834 Dio
1817 1799 1840 1834 e
1869 1798 2028 1845 signore

1174 1904 1334 1942 Sommo
1365 1905 1568 1942 pontefice
1599 1907 1621 1942 e
1650 1905 1798 1941 vicario
1842 1904 1878 1940 di
1922 1905 2028 1946 Dio;

1174 1959 1329 2005 dunque
1359 1959 1437 2006 egli
1468 1961 1489 1995 e
1520 1959 1679 2005 signore
1708 1958 1771 1994 dei
1801 1958 1889 1994 beni
1924 1958 2030 2003 spiri-

346 2227 428 2254 ηοη
451 2218 592 2264 potes!
612 2218 752 2264 yenl'fa
778 2229 860 2256 non
887 2229 985 2256 esse
1007 2220 1157 2266 yem'fa.
1196 2224 1263 2255 Pin
1294 2229 1570 2256 coununemente
1607 2225 1638 2257 si
1665 2225 1808 2268 dioeva,
1846 2235 1866 2257 e
1892 2225 1922 2256 si
1949 2225 2029 2256 dice

253 2290 272 2310 α
301 2278 437 2311 factum
467 2279 643 2312 infectum
671 2281 750 2311 fieri
777 2281 959 2322 nequit».
988 2282 1101 2315 Arist.
1127 2282 1306 2315 lemme.
1332 2283 1396 2321 Vl,
1423 2284 1442 2315 2
1467 2290 1555 2324 (gant.
1583 2284 1880 2326 transmutatum
1908 2286 2028 2316 autem

252 2347 323 2369 non
350 2338 535 2379 contingit
561 2348 631 2370 non
651 2339 743 2372 fieri.
774 2340 925 2380 Propter
950 2341 1046 2379 qnod
1073 2343 1169 2373 recte
1196 2342 1386 2382 Agathou:
1412 2343 1490 2375 solo
1515 2344 1612 2376 enim
1633 2343 1712 2384 ipso
1738 2343 1837 2375 Deus
1861 2343 2030 2383 privatur

252 2396 420 2438 ingenita
438 2397 556 2429 facere
574 2408 667 2439 quae
686 2399 784 2430 facta
800 2402 899 2433 sunt.
928 2400 1094 2440 Agatone
1111 2401 1130 2431 e
1148 2410 1238 2440 pure
1264 2401 1379 2434 oitato
1397 2411 1463 2434 con
1478 2412 1587 2434 onore
1605 2403 1663 2434 nel
1680 2403 1791 2443 Purg.
1811 2403 1926 2442 XXII,
1947 2402 2027 2433 107.

348 2455 411 2489 Vll.
437 2453 490 2491 de
515 2454 643 2492 littera
668 2454 872 2493 Matthaei.
899 2458 1041 2500 Evang.
1072 2459 1120 2501 ΙΙ,
1152 2462 1206 2491 11.
