2248 3372
182 379 395 422 viantibus,
406 390 519 426 quum
538 373 687 427 &legem
703 378 895 415 v'nculum
907 393 923 411 »
942 378 1034 415 dicit

190 438 399 476 «humanae
410 438 631 477 societatis»
642 465 650 474 .
664 437 779 474 Patet
789 438 916 485 igitur,
929 438 1033 484 quod

182 497 409 544 quicumque
438 497 579 534 bonum
599 497 836 543 reipublicae
857 497 1031 540 intendit,

181 555 299 594 finem
327 556 422 595 iuris
458 555 633 592 intendit.
663 555 706 593 Si
736 566 834 603 ergo
869 556 1030 593 Romani

181 616 323 653 bonum
351 614 586 662 reipublicae
616 615 876 658 intenderunt,
897 626 1031 668 verum

181 674 256 712 erit
267 674 411 718 dicere,
426 673 543 711 finem
560 670 653 711 iuris
668 675 895 712 intendisse.
913 675 1031 720 Quod

180 735 308 770 autem
339 733 536 771 Romanus
565 734 733 780 populus
761 734 902 772 bonum
925 745 1032 781 prae-

179 791 300 830 fatum
319 793 540 836 intenderit,
555 793 785 830 subiciendo
807 794 878 831 sibi
895 794 1030 832 orbem

178 853 380 895 terrarum,
408 853 524 900 gesta
552 863 625 890 sua
653 852 866 897 declarant,
888 854 924 890 in
954 854 1033 900 qui-

178 911 264 954 bus,
305 912 408 950 omni
450 911 662 958 cupiditate
705 913 897 955 submota,
926 924 1027 959 quae

178 971 415 1017 reipublicae
444 982 602 1017 semper
627 982 770 1009 aversa
799 975 873 1016 est,
890 977 931 1009 et
950 973 1031 1010 uni-

179 1030 323 1067 versali
352 1040 450 1076 pace
478 1041 564 1067 cum
596 1030 776 1067 libertate
797 1029 951 1075 dilecta,
968 1043 1033 1078 po·

182 1088 295 1134 pulus
336 1088 400 1125 ille
438 1091 609 1132 sanctus,
640 1090 725 1135 pius
754 1089 795 1127 'et
821 1091 1031 1138 gloriosus,

182 1147 338 1193 propria
373 1147 576 1185 commoda
613 1149 836 1196 neglexisse
866 1150 1031 1193 videtur,

183 1208 226 1243 ut
252 1206 406 1252 publica
434 1217 505 1253 pro
533 1208 660 1244 salute
689 1208 843 1245 humani
873 1211 1032 1257 generis

181 1256 420 1311 procuraret.
448 1265 559 1303 Unde
589 1269 695 1304 recte
725 1267 817 1304 illud
847 1269 1030 1315 scriptum

182 1325 269 1360 est:
306 1324 545 1362 «Romanum
562 1325 760 1372 Imperium
776 1327 826 1364 de
841 1327 949 1366 fonte
968 1339 1033 1365 na-

165 1382 297 1429 ¹scitur
333 1384 491 1430 pietatis
522 1399 559 1420 ».
589 1383 671 1422 Sed
709 1386 798 1432 quia
827 1386 876 1424 de
906 1388 1030 1425 inten-

177 1442 284 1479 tione
315 1443 481 1480 omnium
510 1455 559 1480 ex
588 1445 783 1482 electione
821 1448 1030 1494 agentium,

179 1559 251 1597 nisi
280 1570 350 1606 per
377 1561 491 1608 signa
519 1563 737 1607 exteriora;
767 1566 808 1600 et
827 1575 1031 1603 sermones

182 1735 219 1772 in
256 1735 330 1773 hoc
368 1737 456 1774 loco
498 1738 737 1783 habebimus,
766 1742 799 1778 si
828 1742 877 1779 de
907 1743 1030 1780 inten-

179 1788 286 1826 tione
324 1791 453 1836 populi
494 1791 653 1829 Romani
688 1794 800 1841 signa
841 1796 1030 1834 indubita-

178 1846 268 1884 bilia
305 1850 382 1886 tam
421 1850 456 1886 in
495 1851 689 1898 collegiis,
719 1864 833 1899 quam
867 1856 913 1892 ‘in
952 1857 1029 1893 sin-

175 1906 375 1953 gularibus
422 1910 601 1954 personis
648 1912 918 1951 ostendantur.
968 1915 1028 1954 De

177 1965 353 2013 collegiis
381 1967 545 2013 quidem,
576 1970 715 2016 quibus
757 1972 933 2011 homines
979 1976 1028 2013 ad

182 299 339 358 Seneca
372 319 422 357 de
451 320 553 368 lege,
574 320 610 356 in
645 319 743 357 libro
771 319 834 356 De
865 323 1037 366 quatuor

445 2097 461 2099 -
488 2097 532 2109 Ἶ-
633 2100 649 2102 „
869 2104 891 2106 ἡ
944 2106 979 2108 ΫΨ

1099 14 1102 15 ⁷
1115 0 1154 24 a-‚zs
1167 4 1170 9 =

965 154 1092 179 PARTE:
1119 153 1164 178 11.
1689 160 1692 163 ¹
1846 145 1908 182 141

1679 231 1961 244 ΜΝ»

1115 334 1131 352 «
1151 320 1211 356 La
1239 319 1354 367 [egge
1383 321 1405 376 ξε
1433 330 1486 358 un
1527 321 1677 360 vineolo
1719 322 1962 360 dell’umana
1988 325 2011 346 ²

1106 379 1259 416 societa‘
1300 394 1338 415 2.
1382 379 1414 416 E
1457 379 1611 426 dunque
1659 381 1842 418 evidente
1890 382 1961 418 che

1069 423 1297 478 schiunque
1335 433 1430 469 mira
1468 433 1504 470 al
1540 434 1640 471 bene
1679 434 1783 471 della
1821 436 1961 481 repub-

1106 492 1207 529 blica
1249 492 1344 528 mira
1377 493 1500 530 anche
1534 494 1570 529 al
1596 492 1676 530 fine
1710 494 1772 531 del
1807 494 1960 538 diritto;

1106 552 1254 598 percio,
1271 562 1316 588 se
1346 552 1356 588 i
1387 552 1549 589 Romani
1579 563 1794 590 cercarono
1815 555 1837 590 il
1859 555 1961 591 bene

1105 610 1210 647 della
1238 611 1475 657 repubblica‚
1491 613 1582 648 sara
1610 611 1708 649 vero
1738 614 1861 650 anche
1877 613 1960 650 dire

1106 665 1176 701 che
1206 673 1422 702 cercarono
1452 666 1475 701 il
1506 664 1585 702 fine
1615 665 1678 702 del
1708 666 1852 703 diritto.
1875 666 1959 704 Che

1106 724 1130 760 il
1163 723 1318 770 Popolo
1349 724 1538 767 Romano,
1569 726 1880 763 sottomettendo
1923 727 1961 763 la

1105 786 1222 825 terra,
1249 783 1364 821 abbia
1392 786 1550 822 cercato
1580 785 1603 822 il
1633 785 1735 822 bene
1765 786 1959 831 predetto,

1106 843 1146 880 lo
1167 842 1392 880 dichiarano
1414 844 1450 880 le
1471 855 1541 881 sue
1562 846 1690 891 gesta,
1721 845 1823 882 nelle
1844 846 1959 891 quali,
1994 856 1998 862 ’

1106 897 1205 933 tolta
1226 897 1318 944 ogni
1338 897 1545 945 cupidigia,
1563 899 1634 935 che
1655 900 1677 935 e
1697 909 1852 945 sempre
1868 910 1957 936 con·

1107 956 1228 993 traria
1257 956 1335 993 alla
1363 957 1601 1006 repubblica,
1632 957 1682 994 ed
1711 958 1879 995 amando
1909 959 1963 995 in-

1106 1020 1204 1046 vece
1235 1020 1312 1046 una
1340 1021 1438 1056 pace
1468 1011 1689 1048 universale
1714 1012 1959 1055 conliberta,

1106 1069 1194 1115 quel
1225 1071 1371 1116 popolo
1392 1074 1519 1113 santo,
1541 1071 1605 1116 pio
1625 1082 1648 1107 e
1668 1071 1845 1118 glorioso
1865 1082 1959 1118 pare

1106 1123 1177 1159 che
1216 1123 1333 1160 abbia
1370 1126 1592 1161 trascurato
1628 1125 1652 1161 il
1683 1124 1841 1171 proprio
1869 1136 1961 1163 van·

1106 1182 1243 1229 taggio
1273 1193 1342 1228 per
1362 1184 1611 1228 procacciare
1626 1184 1759 1230 quello
1778 1185 1959 1231 pubblico

1106 1246 1129 1271 a
1157 1236 1341 1272 salvezza
1370 1236 1433 1272 del
1463 1247 1612 1284 genere
1656 1248 1810 1275 umano.
1842 1237 1958 1276 Onde

1104 1291 1368 1342 giustamente
1398 1299 1461 1333 sta
1500 1297 1637 1334 scritto
1654 1307 1662 1333 :
1700 1313 1717 1330 «
1746 1298 1790 1335 L'
1806 1299 1959 1345 [mpero

1106 1355 1285 1392 Romano
1298 1365 1422 1392 nasce
1437 1357 1548 1394 dalla
1554 1357 1669 1404 fonte
1684 1358 1790 1395 della
1798 1358 1912 1404 ,οιέἰὰ
1922 1373 1957 1394 >›.

1105 1413 1174 1450 Ma
1203 1414 1346 1460 perche
1367 1414 1470 1452 della
1491 1416 1713 1454 intenzione
1735 1416 1771 1453 di
1793 1418 1879 1453 tutti
1898 1428 1960 1454 co-

1067 1488 1068 1497 1
1106 1468 1190 1504 loro
1219 1468 1291 1504 che
1321 1479 1496 1513 operano
1527 1469 1563 1505 di
1600 1471 1758 1516 proprio
1786 1471 1957 1513 arbitrio,

177 1500 267 1538 nihil
283 1501 527 1539 manifestum
547 1506 609 1540 est
624 1506 735 1541 extra
754 1505 1030 1550 intendentem,
1104 1527 1209 1563 nulla
1239 1527 1270 1563 si
1301 1527 1509 1565 manifesta
1539 1530 1573 1568 al
1596 1529 1632 1565 di
1663 1528 1763 1566 fuori
1801 1530 1958 1576 quando

1066 1579 1278 1616 ltendono
1326 1580 1375 1617 ad
1437 1593 1514 1618 uno
1575 1593 1711 1629 scopo,
1767 1594 1811 1620 se
1881 1594 1957 1621 non

140 1624 145 1625 ⁷
178 1617 392 1664 inquirendi
431 1622 521 1657 sunt
562 1622 772 1659 secundum
815 1624 1030 1662 subiectam
1066 1643 1068 1657 ι

170 1677 391 1719 materiam,
438 1680 481 1715 ut
527 1679 599 1716 iam
647 1680 787 1718 dictum
831 1685 903 1726 est,
933 1685 1031 1722 salis

1105 1649 1174 1684 per
1194 1639 1303 1686 segni
1321 1640 1500 1677 esteriori
1521 1663 1566 1667 ——
1585 1653 1606 1678 e
1624 1642 1659 1678 le
1676 1643 1811 1688 parole
1827 1653 1958 1681 vanno

1104 1692 1292 1729 ricercate
1314 1694 1489 1731 secondo
1517 1695 1554 1731 la
1575 1696 1738 1732 materia
1757 1699 1956 1744 soggetta,

1103 1762 1214 1788 come
1260 1753 1291 1788 si
1336 1753 1358 1788 ὲ
1401 1753 1512 1790 detto
1551 1776 1618 1797 -,
1645 1755 1709 1792 noi
1752 1756 1957 1793 riterremo

1103 1804 1326 1842 sufficiente
1357 1817 1380 1843 a
1410 1809 1552 1852 questo
1582 1810 1715 1854 punto,
1732 1820 1776 1846 se
1806 1808 1958 1846 dell’in-

1103 1865 1286 1908 tenzione
1316 1866 1378 1902 del
1419 1866 1571 1912 Popolo
1611 1867 1787 1906 Romano
1816 1868 1847 1905 si
1878 1880 1957 1906 mo-

1103 1918 1227 1954 strino
1257 1918 1266 1954 i
1297 1919 1408 1966 segni
1439 1919 1679 1958 indubitabili
1709 1922 1769 1958 sia
1798 1923 1860 1959 nei
1882 1923 1958 1960 col-

1104 1978 1180 2025 legi
1211 1979 1281 2015 che
1311 1980 1413 2016 nelle
1443 1981 1595 2027 singole
1626 1992 1808 2027 persone.

270 2173 431 2214 Seneca
455 2176 508 2215 de
531 2179 718 2224 quattuor
742 2182 951 2222 virtutibus
976 2186 1256 2226 cardinalibus
1281 2202 1302 2224 o
1329 2193 1502 2226 Formula
1516 2195 1689 2229 honestae
1706 2198 1816 2238 vitae,
1841 2199 1956 2231 citato

178 2245 286 2268 senza
312 2247 416 2270 nome
441 2239 479 2271 di
505 2243 631 2273 autore
658 2243 715 2274 nel
743 2244 857 2277 Conv,
884 2247 952 2289 111,
981 2251 1014 2287 ὅ,
1042 2251 1061 2281 e
1087 2250 1125 2281 (li
1153 2251 1313 2284 Mat-tino
1342 2253 1533 2295 Dumense,
1560 2266 1592 2287 c.
1614 2256 1675 2288 IV.
1707 2246 1857 2290 Iustitia
1884 2269 1953 2290 non

178 2297 303 2328 nostra
325 2298 556 2337 constitutio,
582 2301 643 2332 sed
671 2302 800 2335 divina
826 2304 883 2336 lex
911 2309 966 2339 est
991 2310 1028 2340 et
1055 2309 1244 2342 vinculum
1273 2313 1462 2345 societatis
1488 2314 1681 2348 hiunanae.
1863 2318 1864 2321 ’

267 2374 319 2414 de
337 2375 454 2419 ῘΟΠΙΕ
478 2380 668 2419 ηᾶΞεῘῗϋΓ
687 2383 865 2428 ΡῘΕΙᾶΙῘε.
892 2389 1109 2431 11'r0ynbee
1124 2394 1230 2425 trova
1246 2394 1281 2425 la.
1296 2395 1396 2427 fonte
1411 2397 1447 2427 ‹li
1469 2400 1598 2438 questo
1625 2409 1731 2439 passo
1758 2401 1857 2432 nella
1884 2402 1955 2441 log-

174 2437 295 2478 genda
318 2438 357 2470 di
383 2439 419 2472 S.
445 2439 623 2474 silvestro
649 2454 669 2475 ο
698 2445 892 2486 Leggenda
917 2459 1027 2482 aurea
1052 2451 1090 2482 di
1121 2452 1147 2483 1.
1164 2453 1211 2484 da
1239 2454 1433 2498 varagine,
1462 2456 1554 2489 dove
1580 2461 1745 2498 appunto
1775 2460 1807 2491 si
1835 2460 1952 2501 leggo:

174 2495 338 2537 dignitas
364 2498 516 2532 Romani
546 2501 691 2543 Imperii
721 2504 764 2536 do
791 2505 891 2538 fonte
918 2510 1082 2542 nascitur
1107 2511 1273 2552 pietatis.
1302 2514 1414 2552 Quasi
1443 2515 1629 2548 identiohe
1658 2519 1780 2558 parole
1821 2529 1885 2550 usa
1915 2519 1952 2551 Ι).

176 2555 423 2597 nell'epistola
447 2559 478 2589 V
504 2562 539 2592 ai
567 2561 633 2593 Re:
662 2573 680 2593 «
697 2565 733 2596 ot
758 2565 931 2599 maiestas
957 2568 1036 2601 eius
1062 2570 1106 2601 de
1132 2571 1232 2603 fonte
1260 2572 1403 2605 defluat
1428 2574 1581 2614 pietatis
1610 2587 1640 2608 ι).

238 2658 244 2665 ·
267 2635 481 2685 collegiis}
504 2642 516 2674 i
542 2644 701 2685 collegia
725 2650 991 2690 eomprendono
1018 2652 1029 2684 i
1057 2654 1135 2685 vari
1162 2655 1297 2696 gruppi
1324 2656 1362 2687 di
1392 2658 1664 2698 magistratum.
