2248 3372
0 2388 57 2787 ‚zvfflv‘ff-Wf‘*

68 2767 74 2777 ,
61 2717 72 2727 .

230 334 318 370 tura
351 331 506 369 ordinat
539 341 616 370 ‚res
652 341 736 367 cum
778 334 961 377 respectu
999 341 1085 368 sua-

230 402 312 428 rum
359 390 616 434 facultatum;
671 390 734 436 qui
775 392 980 436 respectus
1022 391 1086 426 est
1120 415 1121 419 ,

229 450 521 488 fundamentum
551 449 644 485 iuris
672 449 708 485 in
738 449 856 487 rebus
885 461 908 487 a
945 451 1084 487 natura

230 509 410 556 positum.
441 508 498 545 Ex
525 518 602 554 quo
631 508 807 554 sequitur
833 508 938 555 quod
985 508 1084 546 ordo

231 568 420 606 naturalis
447 567 483 608 in
514 567 633 604 rebus
662 567 811 614 absque
831 569 914 605 iure
934 568 1083 605 servari

230 643 308 670 non
336 633 473 679 possit,
506 643 591 669 cum
638 632 950 678 inseparabiliter
990 633 1084 670 iuris

229 690 525 729 fundamentum
555 688 678 728 ordini
707 692 758 728 sit
786 703 989 729 annexum.
1005 691 1083 729 Ne-

229 761 343 788 cesse
372 754 435 788 est
463 751 591 798 igitur,
621 750 795 787 ordinem
824 751 874 788 de
894 752 976 789 iure
1005 762 1084 789 ser—

227 810 324 848 vari.
354 810 552 847 Romanus
571 803 738 856 populus
754 810 804 847 ad
819 811 1082 857 imperandum

229 875 431 912 ordinatus
459 874 532 912 fuit
560 886 583 912 a
612 877 762 919 natura3
792 878 833 912 et
859 876 933 913 hoc
949 875 1005 914 sic
1020 875 1085 913 de-

229 934 423 972 claratur:
467 933 578 971 Sicut
597 934 661 971 ille
690 934 882 972 deficeret
910 936 959 973 ab
989 936 1084 973 artis

230 992 486 1039 perfectione,
515 994 579 1039 qui
608 993 766 1031 finalem
794 993 957 1031 formam
999 997 1083 1031 tan-

229 1061 308 1095 tum
338 1058 570 1101 intenderet,
600 1058 726 1095 media
754 1070 863 1102 vero,
894 1070 963 1105 per
982 1071 1083 1106 quae
1119 1072 1120 1077 ¹

231 1115 281 1153 ad
309 1115 471 1154 formam
501 1117 754 1165 pertingeret,
796 1129 873 1156 non
916 1121 1082 1162 curaret,

231 1175 286 1212 sic
314 1177 465 1218 natura,
495 1176 526 1212 si
559 1177 682 1225 solam
729 1176 891 1214 formam
935 1179 1084 1215 univer-

231 1234 351 1271 salem
381 1234 536 1271 divinae
565 1235 821 1274 similitudinis
840 1237 876 1273 in
897 1237 1081 1274 universo

229 1298 461 1342 intenderet,
491 1299 618 1336 media
663 1304 792 1338 autem
835 1303 1080 1349 negligeret3

229 1357 300 1394 sed
328 1359 467 1395 natura
495 1359 531 1395 in
561 1359 666 1396 nulla
693 1359 935 1406 perfectione
983 1361 1080 1398 defi-

228 1415 290 1460 cit,
319 1427 433 1462 quum
463 1417 513 1454 sit
541 1428 640 1464 opus
669 1419 823 1466 divinae
861 1421 1079 1468 intelligen-

228 1475 460 1523 tiae1¹ergo
490 1476 616 1514 media
645 1479 774 1514 omnia
802 1479 976 1522 intendit,
1010 1490 1080 1526 per

228 1545 328 1580 quae
357 1535 407 1571 ad
437 1536 606 1572 ultimum
634 1548 731 1574 suae
765 1539 990 1575 intentionis
1017 1539 1082 1576 de-

228 1599 394 1636 venitur.
424 1598 552 1644 Quum
582 1611 679 1648 ergo
708 1601 798 1639 finis
830 1604 983 1640 humani
1016 1614 1081 1650 ge-

229 1657 334 1694 neris
361 1657 422 1700 sit,
452 1661 493 1695 et
521 1659 571 1695 sit
611 1660 768 1709 aliq'uod
810 1662 974 1700 medium
1018 1674 1082 1699 ne·

230 1717 443 1753 cessarium
473 1717 521 1754 ad
550 1717 666 1755 finem
695 1722 859 1758 naturae
880 1722 1079 1759 universa-
1115 1754 1116 1757 ,

1114 1768 1116 1794 2
1151 1764 1230 1802 fine
1260 1765 1322 1802 del
1352 1777 1500 1813 genere
1530 1778 1671 1804 umano
1719 1767 1768 1804 ed
1797 1768 2006 1805 essendoci

230 1780 320 1822 lem.
340 1791 507 1819 necesse
537 1786 609 1825 est,
631 1787 805 1822 naturam
822 1786 943 1832 ipsum
960 1787 1080 1824 inten-

228 1838 334 1876 dere.
365 1839 532 1886 Propter
559 1842 663 1888 quod
684 1843 784 1880 bene
806 1844 1076 1892 Philosophus,

208 1905 403 1953 ‘naturam
431 1916 588 1952 semper
616 1918 736 1955 agere
766 1912 927 1956 propter
946 1910 1076 1956 finem,

225 1966 262 2002 in
291 1964 465 2002 secundo
494 1966 555 2002 De
570 1967 755 2005 Naturali
765 1970 908 2006 Audita
923 1971 1075 2016 probat.

227 2020 276 2058 Et
303 2022 393 2068 quia
422 2023 470 2060 ad
499 2025 598 2062 hunc
627 2025 743 2063 finem
764 2031 903 2065 natura
932 2031 1075 2075 pertin-

616 0 1121 35 ἸΨ-’,ξ’ξᾶῑῃρῇχῦξζα’1“·ξὶ””ἶο.ν”’ν’
1144 0 1251 16 νῖν-,στ’
1304 0 1306 2 ’
1334 3 1335 6 =
1375 0 1402 32 τ’·Ι·
1428 0 1431 2 ·
1467 2 1490 10 ·-
1527 0 1577 13 -νψ
1596 14 1604 21 ‚
1635 0 1638 3 ·
1670 0 1674 2 ’
1715 0 1788 24 ruffe
1819 0 1828 7 -

620 31 632 41 ,
803 30 810 36 ,,
930 31 931 34 ,

1030 103 1160 131 unm
1183 105 1231 131 11.
1350 112 1358 115 ⁴
1620 79 1641 134 J
1706 147 1711 150 Ι
1884 93 1966 132 ’149

170 260 172 262 V
230 273 385 311 dinati's.
414 272 581 319 Propter
609 270 713 317 quod
742 274 862 317 patet,
891 270 1000 319 quod.
1015 281 1083 308 na·
1119 242 1121 301 Ῑ
1158 269 1333 312 l’ordine,
1354 271 1497 316 perche
1526 272 1548 308 il
1571 272 1702 310 diritto
1718 283 1795 310 non
1810 270 2012 310 s’estende

1157 323 1257 360 oltre
1287 325 1322 360 al
1353 326 1504 371 potere.
1547 325 1603 362 La
1637 327 1776 362 natura
1817 326 1881 363 nei
1926 325 2013 363 suoi

1157 375 1413 414 ordinamenti
1442 388 1519 415 non
1550 380 1572 415 ὲ
1589 378 1773 416 inferiore
1794 379 1871 416 alla
1901 389 2012 425 prov-

1157 430 1325 467 videnza
1380 441 1545 475 umana;
1602 433 1734 478 percio
1783 433 1813 469 si
1870 443 2012 480 scorge

1157 484 1419 521 chiaramente
1448 485 1519 522 che
1549 485 1586 521 la
1623 487 1763 522 natura
1809 485 1947 523 ordina
1974 486 2011 522 le

1119 561 1120 564 =
1157 547 1251 574 cose
1281 547 1354 574 con
1383 538 1549 584 rispetto
1588 539 1663 575 alle
1708 539 1793 576 loro
1837 538 2012 582 facolta;

1158 601 1180 627 e
1209 594 1350 636 questo
1380 593 1402 627 e
1432 591 1455 627 il
1476 590 1732 629 fondamento
1774 593 1836 629 del
1880 592 2012 629 diritto

1157 646 1274 690 posto
1321 643 1426 681 dalla
1471 646 1612 682 natura
1659 646 1762 682 nelle
1810 657 1904 683 cose
1931 656 1939 689 ;
1988 657 2010 682 e

1156 697 1206 734 da
1248 699 1389 744 questo
1432 709 1482 735 ne
1524 699 1639 735 viene
1673 700 1744 736 che
1766 698 1927 736 l’ordine
1948 710 2012 735 na-

1156 751 1282 788 turale
1311 752 1414 788 nelle
1443 762 1538 789 cose
1568 763 1645 789 non
1675 753 1706 789 si
1751 754 1827 798 pub
1857 763 2013 790 conser-

1156 815 1251 841 vare
1262 815 1383 841 senza
1391 805 1413 841 il
1423 804 1567 847 diritto,
1577 806 1748 843 essendo
1762 806 2013 852 inseparabil-

1156 860 1285 894 mente
1314 859 1338 895 il
1368 858 1623 896 fondamento
1652 859 1715 896 del
1745 859 1877 896 diritto
1903 860 2010 896 unito

1156 910 1373 948 all‘ordine.
1404 911 1446 948 E’
1475 913 1703 960 necessario
1741 913 1896 963 dunque
1939 914 2009 963 che

1156 964 1329 1010 l'ordine
1333 966 1415 1010 sia
1412 958 1682 1010 conservato
1723 966 1760 1002 di
1803 962 2010 1011 diritto.1l

1119 1010 1310 1064 Popolo
1341 1019 1516 1056 Romano
1546 1019 1588 1056 fu
1604 1019 1785 1057 ordinato
1806 1020 1910 1056 dalla
1943 1030 2010 1056 na-

1156 1074 1243 1108 tura
1273 1083 1296 1120 a
1324 1083 1560 1119 governare;
1577 1084 1599 1110 e
1621 1075 1763 1120 questo
1774 1074 2032 1110 sidimostra¹

1156 1126 1264 1162 cosi:
1300 1124 1425 1162 Come
1454 1127 1647 1163 verrebbe
1677 1137 1791 1164 meno
1821 1128 1898 1163 alla
1928 1137 2012 1173 per-

1118 1171 1119 1193 ³
1155 1178 1311 1215 fezione
1341 1178 1432 1215 dell’
1449 1182 1533 1216 arte
1562 1180 1621 1216 chi
1651 1180 1879 1217 intendesse
1923 1174 2010 1217 solo

1155 1232 1232 1268 alla
1261 1231 1387 1269 forma
1415 1231 1535 1269 finale
1564 1244 1684 1270 senza
1704 1245 1840 1270 curare
1863 1234 2008 1270 imezzi

1154 1296 1224 1331 per
1252 1287 1486 1333 conseguire
1507 1287 1544 1323 la
1563 1286 1700 1330 forma,
1717 1289 1799 1324 cosi
1815 1287 2008 1324 verrebbe

1154 1349 1267 1375 meno
1298 1339 1335 1375 la
1362 1341 1513 1381 natura,
1543 1351 1587 1377 se
1617 1340 1803 1378 tendesse
1824 1341 1902 1377 alla
1922 1341 2008 1377 sola

1151 1391 1278 1429 forma
1306 1393 1528 1430 universale
1548 1393 1652 1430 della
1680 1394 1933 1442 somiglianza
1953 1394 2008 1431 di·

1153 1446 1244 1482 vina
1273 1446 1561 1484 trascurandoi
1591 1448 1724 1490 mezzi;
1767 1458 1828 1484 ma
1857 1449 1894 1484 la
1941 1458 2007 1484 na-

1154 1500 1241 1535 tura
1270 1500 1374 1536 nella
1421 1511 1493 1536 sua
1536 1500 1762 1546 perfezione
1797 1512 1873 1538 non
1917 1502 2007 1538 vien

1153 1563 1281 1593 meno,
1311 1553 1483 1590 essendo
1513 1564 1635 1599 opera
1673 1554 1735 1590 del
1779 1554 1910 1590 divino
1952 1555 2007 1591 in·

1153 1606 1321 1649 telletto;
1351 1606 1506 1652 dunque
1536 1618 1629 1644 essa
1657 1607 1775 1644 tende
1819 1618 1842 1644 a
1880 1608 1967 1644 tutti
1997 1608 2006 1644 i

1154 1659 1272 1695 mezzi
1302 1659 1362 1696 coi
1383 1660 1486 1705 quali
1502 1661 1647 1708 giunge
1665 1660 1863 1698 all’ultimo
1879 1661 2007 1708 grado

1153 1711 1257 1748 della
1303 1723 1375 1749 sua
1416 1713 1651 1750 intenzione.
1697 1714 1911 1751 Essendoci
1956 1726 2005 1751 un

1151 1829 1246 1864 pure
1277 1829 1325 1855 un
1356 1830 1490 1856 mezzo
1519 1821 1746 1858 necessario
1776 1822 1811 1857 al
1841 1820 1924 1858 fssne
1964 1833 2006 1858 u-

1150 1872 1346 1909 niversale
1376 1873 1479 1910 della
1500 1876 1650 1915 natura,
1671 1873 1712 1911 fa
1727 1874 1859 1920 duopo
1877 1875 1952 1911 che
1969 1876 2005 1911 la

1150 1927 1288 1962 natura
1303 1926 1423 1962 tenda
1434 1926 1483 1963 ad
1499 1938 1604 1964 esso.
1623 1927 1760 1964 Percib
1771 1928 1872 1965 bene
1884 1928 2004 1965 dimo-

1150 1981 1231 2016 stra
1260 1979 1284 2015 il
1313 1979 1490 2016 Filosofo
1519 1981 1582 2017 nel
1612 1981 1787 2018 secondo
1812 1983 1930 2018 Della
1954 1983 2002 2018 A·

1150 2033 1391 2070 seoltazione
1406 2035 1599 2076 naturale,
1617 2035 1687 2070 che
1704 2035 1742 2071 la
1758 2037 1895 2071 natura
1922 2036 2004 2082 agi-

321 2224 410 2263 §ed
431 2217 571 2264 naim
596 2228 636 2266 1'n
662 2230 770 2267 nulla
793 2231 1045 2276 perfectione
1069 2234 1219 2277 deficit.
1245 2239 1374 2272 Tuom.
1403 2240 1471 2280 Aq.
1488 2239 1635 2272 Summa
1664 2241 1805 2273 theom
1832 2254 1867 2282 q.
1899 2244 1940 2274 19
1967 2252 2001 2277 a.

227 2286 262 2318 4.
291 2286 430 2319 Natura
456 2298 526 2320 uno
553 2291 590 2322 et
615 2291 740 2323 eodem
766 2293 872 2324 modo
898 2299 1070 2334 operatur
1098 2298 1169 2328 nisi
1195 2298 1431 2338 impediatui.

319 2363 490 2412 propter
524 2368 636 2414 quod
669 2369 774 2410 bene
809 2370 1088 2420 philosophus
1123 2381 1194 2412 eto.
1233 2380 1350 2413 Arint-
1378 2381 1492 2422 Phys.
1518 2382 1564 2422 ΙΙ,
1595 2385 1610 2414 1
1639 2381 1730 2424 (mt
1759 2383 1919 2417 trwnslx.
1938 2384 2003 2415 Est

223 2422 341 2468 igitur
364 2431 497 2461 natura.
521 2430 743 2472 principium
771 2433 932 2468 alieuius
957 2439 994 2469 et
1020 2446 1134 2472 causa
1161 2439 1331 2471 movendi
1357 2441 1394 2472 et
1419 2441 1643 2481 quiescendi,
1671 2441 1706 2473 iu
1735 2453 1806 2483 quo
1844 2445 1899 2474 est
1927 2444 2000 2483 pri-

225 2495 323 2518 mum
347 2496 411 2527 per
436 2497 474 2520 se
499 2492 535 2521 et
561 2499 632 2522 non
658 2493 856 2525 seeundum
883 2495 1064 2529 accidens.
1091 2497 1202 2531 Polit.
1232 2498 1262 2540 Ι,
1290 2498 1311 2530 8
1338 2497 1529 2541 (explanu)
1559 2500 1602 2531 111
1628 2501 1760 2541 quibu
1755 2501 1845 2532 (lam
1873 2502 2001 2533 ‹listin-

221 2545 352 2587 guitur
377 2556 440 2587 per
464 2550 643 2590 naturam,
669 2553 705 2583 et
732 2551 767 2582 iu
796 2553 932 2585 talibus
958 2555 1107 2596 expedit
1133 2556 1219 2589 hino
1244 2558 1341 2598 quod
1367 2559 1518 2597 serviat,
1544 2559 1603 2590 illi
1646 2561 1741 2600 quod
1781 2561 1999 2592 dominetur.

221 2605 260 2636 et
283 2604 352 2636 hoo
377 2606 488 2638 etiam
515 2608 651 2640 iustum
677 2607 743 2642 est.
770 2611 824 2642 Ed
849 2612 917 2644 hoo
944 2613 1084 2655 probat,
1109 2616 1198 2656 qnia
1224 2626 1286 2656 per
1325 2620 1583 2658 opportunum,
1610 2619 1706 2659 quod
1747 2620 1996 2660 unusquisque

221 2663 439 2704 subjiciatur
466 2665 523 2697 vel
548 2667 777 2708 principetur
802 2671 1000 2703 secundum
1027 2674 1120 2714 quod
1151 2674 1260 2707 habet
1286 2676 1532 2715 aptitudinem
1559 2677 1788 2717 naturale1u;
1829 2678 1922 2709 unde
1962 2683 2006 2709 et·

221 2720 281 2754 his
305 2724 366 2764 qui
395 2723 529 2756 habent
554 2725 798 2766 aptitudinem
826 2730 1029 2762 naturalem
1056 2732 1101 2763 ad
1128 2733 1196 2765 hoo
1222 2734 1371 2774 expedit
1397 2735 1493 2774 quod
1520 2735 1754 2780 domipeutur
1781 2737 1909 2768 servis.

2132 840 2151 862 1
