2248 3372
258 164 326 195 214
755 174 796 197 11.
817 172 1020 199 TRATTATO
1032 174 1176 207 „BELLA
1203 157 1461 201 Mommcflu'

211 248 515 259 ΜΝΛΛαΜ
531 249 553 256 »t
565 249 625 258 A.,ffl
644 250 748 259 &mr

207 337 354 378 summi,
391 336 499 373 cuius
542 335 755 383 (officium)‘
791 339 853 373 est
896 347 1059 382 pascere

207 406 307 432 oves
335 398 375 431 et
416 406 554 442 agnos.
584 395 695 433 Unde
713 396 796 441 ipse
826 396 862 432 in
893 396 1059 432 Iohanne

206 453 367 490 formam
383 464 480 490 suae
497 454 601 490 vitae
617 455 860 501 relinquens:
897 470 915 487 ‹<
928 455 1062 491 Exem-

208 513 309 558 plum
331 526 363 554 »,
402 514 535 558 inquit,
573 528 590 545 «
619 513 707 550 dedi
750 514 874 556 vobis,
897 516 938 550 ut
966 522 1059 560 que*

206 572 447 612 madmodum
479 582 556 619 ego
584 572 659 609 feci
689 573 813 615 vobis,
844 573 897 609 ita
917 576 958 609 et
985 546 1094 610 vos¹¹

204 630 358 668 faciatis
387 642 432 674 ›>;
462 634 502 667 et
543 632 767 677 specialiter
809 632 858 668 ad
888 632 1056 674 Petrum,

205 693 409 735 postquam
457 691 627 736 pastoris
669 690 838 728 officium
859 692 929 728 sibi
960 702 1059 728 com·
1086 710 1102 714 ν

204 750 315 791 misit,
347 752 387 786 ut
417 750 452 786 in
470 749 609 786 eodem
640 751 837 787 habemus:
863 750 1055 793 «Petre»,

205 808 335 854 iuquit,
374 823 391 840 «
410 819 578 854 sequere
600 820 659 845 me
679 825 716 844 >›.
751 808 831 845 Sed
876 809 1056 846 Christus

202 867 419 904 huiusmodi
467 868 638 915 regimen
669 879 799 905 coram
831 869 959 905 Pilato
989 869 1055 905 ab-

203 927 382 973 negavit:
421 942 438 959 «
459 927 633 974 Regnum
655 931 699 970 >›,‘
727 928 858 973 inquit,
890 941 908 962 «
930 939 1054 965 meum

203 988 391 1036 nonNest
429 985 477 1022 de
517 987 590 1023 hoc
631 987 794 1030 mundo;
832 988 864 1024 si
903 998 952 1024 ex
981 988 1054 1024 hoc

203 1044 346 1081 mundo
384 1048 493 1081 esset
535 1057 696 1092 regnum
727 1057 864 1091 meum,
895 1047 1053 1083 ministri

202 1104 275 1139 mei
324 1103 455 1149 utique
503 1105 763 1146 decertarent,
807 1108 849 1142 ut
878 1117 953 1143 non
980 1108 1056 1142 tra-

203 1162 318 1198 derer
361 1162 534 1207 Iudaeis;
577 1174 676 1201 nunc
720 1168 849 1201 autem
892 1176 1052 1212 regnum

201 1232 324 1258 meum
355 1232 431 1258 non
463 1226 524 1258 est
562 1223 647 1260 hinc
677 1239 712 1259 ».
745 1223 863 1268 Quod
891 1235 968 1261 non
999 1225 1053 1261 sic

202 1281 492 1327 intelligendum
523 1286 583 1318 est
628 1294 673 1319 ac
702 1283 734 1319 si
766 1283 960 1326 Christus,
990 1283 1053 1330 qui

200 1339 310 1375 Deus
340 1342 414 1384 est,
434 1350 510 1376 non
533 1341 582 1377 sit
602 1342 779 1379 dominus
799 1343 908 1390 regni
929 1343 1053 1387 huius;

199 1409 312 1443 quum
329 1398 535 1436 Psalmista
556 1400 669 1437 dicat:
699 1416 715 1434 «
728 1400 1053 1448 Quoniamipsius

202 1460 264 1494 est
294 1469 399 1494 mare
429 1462 469 1495 et
500 1459 582 1504 ipse
613 1459 706 1497 fecit
726 1461 829 1503 illud,
847 1464 887 1498 et
907 1462 1052 1499 aridam

198 1515 460 1554 fundaverunt
498 1530 633 1556 manus
663 1520 748 1556 eius
776 1531 820 1563 »ς
851 1521 922 1557 sed
952 1522 1052 1566 quia,

199 1579 240 1611 ut
287 1578 485 1623 exemplar
534 1578 747 1622 Ecclesiae,
795 1591 895 1625 quae
943 1582 1051 1628 regni

201 1635 313 1672 huius
357 1647 486 1672 curam
530 1648 605 1674 non
651 1639 845 1682 habebat;
875 1640 983 1675 velut
1019 1641 1052 1677 si

198 1705 357 1731 aureum
387 1696 551 1742 sigillum
582 1698 818 1743 loqueretur,
849 1699 898 1735 de
928 1710 972 1736 se
1002 1700 1053 1736 di:

197 1763 310 1790 cens:
349 1769 367 1786 ‹<
394 1754 481 1791 Non
511 1766 594 1791 sum
638 1767 818 1793 mensura
857 1759 891 1794 in
923 1759 1051 1804 aliquo

197 1823 343 1858 genere
374 1824 417 1856 »;
448 1815 551 1860 quod
595 1815 746 1861 quidem
790 1817 930 1853 dictum
973 1829 1049 1854 non

196 1871 314 1908 habet
344 1873 480 1916 locum,
512 1874 546 1909 in
577 1878 759 1920 quantum
804 1880 865 1912 est
903 1887 1048 1916 aurum,

196 1941 309 1975 quum
331 1932 380 1967 sit
396 1935 556 1969 metrum
575 1934 609 1969 in
626 1944 773 1980 genere
794 1937 1047 1979 metallorum,

195 1990 266 2025 sed
298 1991 333 2026 in
363 1994 545 2036 quantum
576 1996 637 2030 est
666 1993 858 2038 quoddam
897 1996 1046 2041 signum

195 2050 420 2094 receptibile
478 2062 547 2096 per
604 2052 907 2097 impressionem.
951 2055 1045 2091 For-

1134 340 1266 374 stesso
1298 349 1437 383 presso
1468 339 1661 377 Giovanni
1704 342 1903 380 lasciando
1947 343 1985 381 la

1133 389 1258 427 forma
1300 391 1403 428 della
1445 403 1517 429 sua
1558 393 1638 430 vita
1679 394 1810 431 disse:
1847 396 1894 433 Vi
1933 397 1984 434 Ιιο

1134 444 1229 480 dato
1258 454 1310 481 un
1340 446 1513 492 esempio
1533 446 1711 492 affinelte
1730 448 1795 485 voi
1805 448 1984 494 succinte

1135 507 1246 534 come
1274 499 1324 534 Ιιο
1349 498 1455 543 fatto
1484 499 1520 536 io
1544 509 1581 542 ›>;
1610 510 1633 536 e
1662 501 1939 546 specialmente
1958 513 1983 540 a

1134 549 1285 595 Pietro,
1311 551 1466 596 quando
1496 552 1548 599 gli
1578 551 1700 589 affido
1743 553 1916 592 l'utficio
1944 555 1982 592 di

1134 605 1305 649 pastore,
1337 615 1446 641 come
1475 605 1666 642 troviamo
1709 607 1812 644 nello
1849 610 1982 646 stesso

1134 655 1339 699 Giovanni,
1369 658 1499 694 disse:
1531 658 1657 696 Pietro
1698 661 1891 706 seguimil
1913 660 1982 698 Ma

1135 708 1268 746 Cristo
1280 712 1383 757 nego
1396 721 1444 747 un
1457 722 1580 758 regno
1597 712 1634 748 di
1650 713 1729 749 tale
1745 712 1845 750 satta
1852 713 1983 751 dinan·

1131 763 1199 798 zia
1229 762 1355 801 Pilato
1391 779 1409 796 «
1429 765 1463 800 ΙΙ
1487 773 1608 812 regno
1623 766 1711 808 mio,
1733 765 1850 809 disse,
1867 777 1945 804 non
1961 768 1982 804 ἑ

1131 816 1174 852 cli
1199 820 1338 862 questo
1366 818 1509 854 mondo
1522 828 1536 861 ,·
1562 829 1606 855 se
1630 818 1747 864 fosse
1774 820 1818 857 di
1842 824 1981 869 questo

1130 870 1272 906 mondo
1293 870 1309 905 ι’
1324 870 1418 906 miei
1433 870 1601 908 ministri
1626 874 1981 911 combutterebbero

1130 926 1368 959 certamente
1390 925 1538 969 perche
1566 925 1602 961 io
1630 935 1708 962 non
1737 934 1865 973 venga
1893 937 1982 964 eon-

1129 979 1296 1022 segnato
1326 977 1370 1013 αι’
1396 977 1561 1014 Giudei:
1574 988 1657 1015 ,ora
1685 979 1715 1014 il
1748 979 1826 1016 mio
1859 988 1980 1027 regno

1128 1039 1206 1065 non
1236 1030 1257 1066 ἑ
1285 1030 1329 1066 di
1340 1030 1410 1076 qui
1433 1045 1470 1066 ».
1514 1030 1569 1067 La
1598 1031 1686 1076 qual
1716 1042 1811 1068 cosa
1839 1043 1917 1069 non
1945 1033 1979 1070 si

1128 1087 1229 1124 deve
1259 1088 1461 1124 intendere
1491 1099 1601 1126 come
1644 1100 1688 1126 se
1731 1089 1876 1133 Cristo,
1907 1091 1978 1128 che
2018 1092 2022 1098 ”

1129 1142 1151 1176 e
1194 1141 1282 1182 Dio,
1326 1151 1402 1177 non
1445 1142 1503 1178 sia
1549 1143 1708 1189 signore
1753 1143 1790 1179 di
1837 1146 1978 1190 questo

1129 1204 1274 1242 regno,v
1297 1194 1463 1231 dicendo
1494 1195 1516 1230 il
1547 1194 1757 1240 Salmista;
1793 1197 1880 1234 «Di
1904 1197 1982 1234 Lm·

1130 1248 1151 1283 e
1179 1247 1208 1283 il
1233 1258 1343 1284 mare
1381 1249 1432 1284 ed
1466 1249 1558 1295 Egli
1590 1249 1635 1285 Io‘
1661 1249 1755 1298 fece
1772 1258 1805 1286 ‘e
1833 1250 1869 1287 Ie
1897 1250 1979 1288 Sne

1128 1301 1240 1337 mani
1265 1301 1422 1338 diedero
1437 1302 1699 1347 fondamento
1718 1303 1802 1340 alla
1822 1307 1925 1341 terra
1938 1318 1977 1346 »,
2026 1333 2030 1336 ⁴

1128 1364 1189 1390 ma
1245 1365 1355 1391 come
1412 1355 1586 1400 esempio
1629 1356 1705 1392 alla
1747 1355 1906 1399 Chiesa,
1940 1357 1978 1394 la

1128 1407 1242 1453 quale
1263 1417 1340 1443 non
1362 1418 1489 1444 aveva
1505 1418 1603 1444 cura
1622 1408 1659 1444 di
1679 1411 1820 1454 questo
1840 1420 1977 1457 regno;

1128 1460 1204 1496 alla
1234 1463 1365 1497 stessa
1394 1461 1565 1497 maniera
1594 1461 1664 1497 che
1693 1473 1738 1498 se
1767 1472 1818 1498 un
1847 1463 1976 1510 sigillo

1127 1512 1163 1549 d’
1175 1523 1259 1555 oro,
1290 1513 1479 1559 parlando
1499 1513 1535 1550 di
1556 1516 1613 1556 se,
1644 1514 1822 1552 dicesse:
1851 1530 1869 1548 <‹
1888 1516 1977 1553 Non

1127 1577 1225 1603 sono
1240 1567 1390 1604 mt‘sura
1409 1567 1448 1603 in
1468 1568 1587 1604 alcun
1604 1574 1750 1614 genere
1768 1578 1805 1612 ›>;
1821 1568 1858 1605 le
1873 1569 1977 1614 quali

1127 1626 1262 1670 parole
1290 1635 1366 1662 non
1387 1626 1516 1662 hanno
1545 1626 1693 1668 valore,
1723 1627 1759 1663 in
1786 1629 1932 1672 quanto
1952 1623 2006 1664 es
2039 1654 2049 1664 2

1126 1689 1210 1720 oro,
1232 1678 1402 1715 essendo
1414 1689 1507 1715 esso
1523 1679 1664 1719 misura
1675 1680 1737 1716 nel
1749 1690 1896 1727 genere
1912 1679 1975 1717 dei

1126 1732 1281 1774 metalli,
1309 1742 1369 1767 ma
1398 1732 1434 1767 in
1450 1734 1596 1777 quanto
1612 1734 1634 1769 e
1651 1742 1699 1769 un
1721 1735 1830 1770 certo
1849 1743 1974 1780 segno

1125 1786 1195 1821 che
1207 1785 1239 1821 si
1257 1785 1462 1830 riproduce
1484 1795 1552 1830 per
1568 1786 1835 1831 impressione.
1851 1785 1927 1822 Per
1937 1786 1974 1823 la

1125 1837 1282 1879 Chiesa‚
1325 1838 1479 1883 dunque
1522 1840 1544 1874 e
1583 1839 1769 1884 principio
1810 1838 1973 1876 formale

1123 1896 1204 1932 dire
1235 1896 1283 1932 ed
1313 1896 1513 1933 intendere
1544 1897 1580 1932 la
1609 1899 1739 1933 stessa
1776 1908 1882 1940 cosa,
1911 1902 1974 1934 ma

1122 1950 1204 1985 dire
1235 1949 1284 1985 ed
1315 1946 1528 1986 intendere'
1546 1949 1568 1985 l'
1586 1952 1756 1995 opposto
1777 1952 1799 1986 e
1820 1950 1984 1987 eviden-'

1122 2006 1295 2039 temente
1325 2003 1521 2039 contrario
1538 2003 1614 2039 alla
1629 2013 1701 2039 sua
1715 2002 1840 2039 forma
1855 2014 1880 2040 o
1896 2003 1972 2040 alla

1122 2058 1273 2096 natura,
1304 2056 1374 2092 che
1405 2057 1426 2091 e
1457 2056 1494 2092 lo
1525 2059 1667 2092 stesso.

288 2253 520 2300 Exemplum
546 2255 643 2293 dedi
667 2257 795 2295 vobis.
825 2261 977 2293 Iohann.
1004 2262 1123 2303 Vang.
1158 2261 1265 2304 XIII,
1297 2263 1351 2294 15.

288 2322 405 2362 Detre
429 2336 600 2371 sequere
625 2338 700 2364 me.
709 2354 716 2362 .
725 2354 748 2362 ..

770 2331 862 2363 Ibid.
887 2330 989 2373 XXI,
1019 2333 1076 2364 22.
1106 2331 1176 2365 Ins.
1202 2331 1303 2375 XIX,
1333 2333 1390 2366 93.

288 2395 419 2433 ΗυῘιΙε
443 2396 557 2434 modl'
577 2398 778 2443 reyl'men:
826 2402 904 2433 oioe
931 2413 978 2434 un
1005 2413 1117 2444 regno
1142 2403 1354 2443 tempora-le.

289 2466 470 2512 Regnum
495 2477 625 2505 meum
651 2474 736 2503 etc.
745 2495 752 2503 .
783 2470 1044 2514 1bid.XV111,
1074 2473 1131 2505 36.

288 2538 369 2574 mel
389 2537 583 2581 ml'nl'sffr1';
609 2542 778 2573 minister
802 2543 849 2574 da
874 2543 996 2574 minus
1021 2544 1040 2574 e
1066 2544 1188 2584 quello
1225 2544 1291 2575 ohe
1326 2544 1416 2575 deve
1458 2544 1623 2584 eseguire
1660 2544 1714 2584 gli
1752 2543 1885 2578 ordini.
1933 2544 1966 2576 Il

194 2587 368 2619 vocabolo
393 2588 442 2619 ha
466 2597 571 2628 preso
597 2590 684 2629 oggi
711 2599 757 2620 nn
785 2589 931 2622 diverso
957 2591 1013 2630 sig
994 2591 1183 2622 unificam.

288 2654 486 2701 Quoniam
510 2655 644 2701 ipsius
667 2656 735 2693 est
756 2667 889 2694 mare..
913 2657 1077 2693 ,ΡΘειιηι0
1107 2660 1235 2692 XCIV.
