2248 3372
884 0 927 25 ..A

269 127 336 158 218
767 136 806 159 IL
831 136 1034 160 TRATTATO
1062 136 1193 161 BELLA
1220 136 1459 162 MONARculA

218 298 289 334 nisi
328 299 503 335 homines
541 301 734 344 tamquam
777 299 876 345 equi,
912 309 986 335 sua
1015 300 1079 336 be-

217 363 405 400 stialitate
434 366 644 410 vagantes,
673 364 711 410 ,in
743 375 854 400 camo
877 366 917 400 et
941 363 1080 400 fraeno

180 415 184 417 ’
222 432 565 473 compescerentur
595 430 630 465 in
672 430 747 466 via.
778 429 944 475 Propter
977 429 1080 475 quod

220 504 320 539 opus
348 493 421 530 fuit
448 494 588 530 homini
621 493 762 540 duplici
796 494 1001 538 directivo‚
1021 505 1081 531 se-

220 559 384 595 cundum
417 559 607 604 duplicem
638 559 780 602 finem3
810 560 959 596 scilicet
978 571 1079 596 sum-

220 634 283 659 mo
318 623 523 667 Pontifice,
553 625 615 670 qui
649 624 860 661 secundum
903 626 1079 661 revelata

220 690 428 725 humanum
458 699 583 735 genus
613 689 846 735 perduceret
883 690 932 725 ad
961 690 1077 726 vitam

221 756 424 790 aeternam
454 757 495 789 et
515 754 761 799 Imperatore,
783 755 845 800 qui
866 754 1077 790 secundum

221 824 492 870 philosophica
522 825 756 861 documenta
794 836 918 872 genus
952 826 1079 861 huma-

220 899 308 925 num
339 889 387 925 ad
420 891 673 936 temporalem
696 890 920 927 felicitatem
942 891 1078 938 dirige-

220 956 291 990 ret.
324 954 371 990 Et
402 965 485 992 cum
518 955 566 991 ad
597 956 696 992 hunc
727 958 877 1001 portum
898 957 960 992 vel
986 957 1077 992 nulli

220 1020 282 1056 vel
314 1020 438 1065 pauci,
468 1022 508 1056 et
536 1020 572 1056 hi
605 1031 689 1057 cum
711 1020 943 1057 difficultate
964 1021 1077 1057 nimia

219 1091 424 1135 pervenire
446 1091 608 1136 possint,
631 1092 702 1128 nisi
722 1093 872 1128 sedatis
892 1092 1077 1129 fluctibus

218 1156 385 1192 blandae
432 1156 666 1202 cupiditatis,
706 1168 830 1204 genus
874 1158 1076 1194 humanum

219 1220 378 1257 liberum
401 1221 436 1257 in
459 1222 566 1267 pacis
596 1223 872 1267 tranquillitate
889 1223 1076 1268 quiescat,

218 1286 292 1322 hoc
322 1288 384 1322 est
413 1286 564 1333 signum
598 1287 702 1330 illud,
721 1288 768 1324 ad
790 1288 894 1333 quod
915 1289 1076 1325 maxime

219 1350 338 1387 debet
370 1351 574 1387 intendere
605 1354 761 1388 curator
791 1353 908 1395 orbis,
934 1354 996 1399 qui
1027 1354 1079 1390 di-

221 1421 318 1457 citur
366 1421 565 1458 Romanus
609 1422 807 1468 Princeps,
847 1427 888 1460 ut
929 1425 1078 1461 scilicet

221 1487 257 1522 in
288 1487 423 1523 areola
466 1487 540 1524 ista
583 1489 799 1524 mortalium
843 1489 962 1526 libere
993 1500 1076 1526 cum

221 1562 318 1596 pace
350 1552 517 1588 vivatur.
549 1552 724 1598 Cumque
745 1554 950 1599 dispositio
971 1566 1077 1592 mun-

221 1616 257 1652 di
314 1617 425 1653 huius
468 1618 764 1669 dispositionem
813 1614 1112 1656 inhaerentem¹

222 1688 418 1723 coelorum
467 1688 743 1725 circunilationi
787 1694 984 1735 sequatur,
1015 1701 1079 1727 ne-

222 1816 410 1854 libertatis
439 1821 479 1853 et
513 1819 620 1863 pacis
660 1820 862 1856 commode
902 1821 998 1857 locis
1037 1824 1077 1856 et

220 1882 459 1926 temporibus
508 1883 751 1928 applicentur
798 1885 846 1920 de
895 1890 1111 1923 curatore¹

222 1946 310 1988 isto,
341 1946 556 1992 dispensari
602 1949 650 1985 ab
694 1948 760 1985 Illo
803 1951 867 1995 qui
914 1953 1074 1988 totalem
1110 1948 1111 1951 ’

222 2012 419 2048 coelorum
444 2012 739 2058 dispositionem
763 2017 1076 2060 praesentialiter

317 2215 402 2252 nisi
425 2215 614 2253 homines
645 2216 849 2263 tamquam
874 2220 1008 2265 equi...

1154 210 2000 228 MWWWNNVVWMVW-

1155 301 1207 347 gli
1237 301 1390 343 uomini,
1421 313 1531 338 come
1561 304 1698 340 cavalli
1718 305 1876 352 vaganti
1900 306 2003 343 nella

1157 360 1242 396 loro
1263 360 1469 404 bestialitat,
1500 371 1576 398 non
1606 361 1764 400 fossero
1792 364 1914 401 tenuti
1942 365 2002 402 sul

1154 427 1257 462 retto
1287 427 1474 463 cammino
1504 428 1563 464 col
1594 427 1706 465 freno
1735 440 1757 465 e
1778 430 1838 466 col
1859 440 2002 467 morso.

1156 484 1294 521 Percio
1323 484 1364 521 fu
1393 485 1524 531 duopo
1555 486 1616 523 all’
1634 498 1749 524 uomo
1779 499 1898 525 avere
1927 499 2004 526 una

1153 550 1304 595 duplice
1333 550 1451 597 guida
1478 552 1653 588 secondo
1683 553 1705 589 il
1736 553 1887 599 duplice
1910 553 2002 596 fine,

1152 610 1240 645 vale
1270 620 1294 645 a
1323 610 1403 645 dire
1433 610 1494 646 del
1515 621 1664 648 sommo
1686 611 1901 655 Pontefice,
1931 613 2002 649 che

1153 674 1329 710 secondo
1360 675 1397 710 la
1425 676 1661 712 rivelazione
1691 677 1876 723 guidasse
1897 677 1920 713 il
1941 687 2006 724 ge·
2027 671 2034 679 ’

1152 743 1246 768 nere
1276 744 1416 770 umano
1437 735 1514 770 alla
1541 735 1622 771 vita
1651 738 1787 771 eterna
1807 746 1829 772 e
1849 735 2005 772 dell’lm-

1156 800 1339 842 peratore
1370 799 1440 834 che
1468 799 1643 836 secondo
1673 801 1724 847 gli
1754 802 2004 837 ammaestra-

1154 856 1270 892 menti
1317 856 1501 894 filosofici
1544 858 1735 905 dirigesse
1774 860 1810 895 la
1843 870 2004 907 genera-

1152 921 1263 957 zione
1293 932 1432 958 umana
1475 923 1551 959 alla
1592 922 1737 960 felicita
1774 925 2002 970 temporale.

1110 1013 1112 1024 ,
1153 980 1184 1015 Ε
1215 981 1354 1025 poiche
1384 992 1407 1017 a
1435 984 1576 1027 questo
1611 984 1726 1027 porto
1749 990 1948 1026 “nessuno,
1977 994 2003 1020 o

1154 1045 1228 1081 ben
1260 1046 1384 1090 pochi,
1401 1057 1478 1082 non
1494 1057 1614 1083 senza
1634 1047 1782 1094 grande
1802 1047 2003 1104 difficolta,

1154 1111 1393 1155 potrebbero
1423 1112 1607 1156 arrivare‚
1628 1123 1672 1148 se
1694 1113 1716 1148 il
1737 1122 1883 1159 genere
1903 1123 2006 1149 uma-

1110 1217 1112 1225 *
1155 1186 1206 1211 no
1237 1176 1372 1218 libero,
1403 1177 1555 1212 calmati
1586 1177 1595 1212 i
1624 1177 1725 1214 flutti
1758 1178 1865 1217 ‚della
1894 1179 2004 1214 allet-

1150 1235 1288 1271 tatrice
1327 1235 1537 1282 'cupidigia,
1567 1246 1643 1273 non
1686 1237 1858 1283 godesse
1901 1237 2003 1274 della

1152 1301 1388 1345 tranquillita
1416 1300 1519 1337 della
1550 1311 1659 1346 pace,
1688 1304 1829 1347 questo
1859 1303 1881 1338 e
1914 1303 2003 1348 quel

1156 1375 1282 1412 segno
1312 1366 1347 1401 al
1377 1367 1491 1411 quale
1510 1367 1788 1412 specialmente
1804 1358 2006 1404 (161161611-

1152 1430 1246 1466 dere
1277 1431 1299 1466 il
1343 1433 1524 1467 curatore
1567 1431 1628 1467 del
1672 1431 1827 1475 mondo,
1858 1432 1928 1469 che
1970 1432 2003 1469 si

1154 1496 1302 1531 chiama
1331 1495 1509 1541 Principe
1551 1506 1725 1539 romano,
1769 1496 1937 1533 affinche
1966 1497 2002 1533 in

1154 1562 1294 1605 questa
1324 1561 1453 1597 aiuola
1481 1561 1518 1597 di
1548 1561 1698 1597 mortali
1735 1562 1768 1598 si
1796 1549 1887 1599 viva
1915 1562 2006 1599 libe-

1152 1628 1327 1661 ramente
1357 1625 1392 1660 in
1423 1635 1532 1670 pace.
1564 1625 1595 1661 E
1624 1626 1762 1671 poiche
1799 1627 1836 1663 la
1878 1626 2006 1672 dispo-

1110 1729 1112 1746 ÷
1152 1691 1301 1727 sizione
1331 1690 1368 1726 di
1397 1693 1538 1736 questo
1568 1691 1710 1728 mondo
1729 1702 1854 1739 segue
1870 1693 1907 1728 la
1926 1691 2003 1728 dis-

221 1762 334 1788 cesse
365 1755 426 1789 est
456 1753 505 1789 ad
535 1754 621 1796 hoc,
655 1758 695 1790 ut
716 1755 822 1790 utilia
843 1755 1077 1792 documenta
1110 1747 1112 1754 ’

1151 1758 1350 1803 posizione
1394 1758 1568 1794 inerente
1597 1759 1633 1794 al
1672 1757 1907 1794 movimento
1940 1757 2003 1794 dei

1151 1823 1248 1864 cieli,
1279 1821 1447 1859 affinche
1477 1823 1528 1870 gli
1574 1823 1856 1870 insegnamenti
1900 1822 2004 1859 della

1151 1887 1289 1924 liberta
1331 1887 1434 1923 della
1476 1898 1573 1933 pace
1615 1888 1730 1933 siano⁵
1756 1888 1936 1933 applicati
1965 1888 2001 1924 in

1152 1953 1268 1989 modo
1290 1952 1520 1989 confacente
1541 1953 1576 1989 ai
1598 1952 1797 2000 luoghined
1817 1952 1853 1988 ai
1872 1952 2002 1998 tempi,

1151 2019 1173 2054 e
1205 2018 1433 2054 necessario
1463 2018 1533 2054 che
1562 2018 1674 2054 siano
1717 2017 1919 2054 distribuiti
1952 2017 2003 2054 da

1013 2221 1082 2258 .in
1109 2231 1227 2258 camo
1252 2221 1294 2258 et
1312 2221 1459 2263 fraeno
1486 2213 1850 2268 compescerentur.
1885 2225 1999 2259 conv.

225 2265 276 2296 IV
304 2266 348 2303 93
377 2266 523 2304 «Quasi
554 2266 632 2298 dire
658 2268 687 2298 si
716 2278 790 2307 pno
831 2269 929 2300 dello
968 2270 1204 2313 Imperatore,
1235 2272 1391 2303 volendo
1418 2272 1445 2302 il
1472 2281 1538 2303 suo
1581 2273 1702 2304 uffioio
1740 2273 1899 2313 figurare
1935 2282 2003 2304 oon

223 2312 285 2343 un'
301 2313 473 2353 imagine,
500 2313 566 2344 ohe
592 2314 665 2355 egli
694 2315 749 2346 sia
777 2316 802 2346 il
829 2326 894 2347 oav
898 2317 1058 2349 aleatore
1085 2320 1128 2350 de
1154 2319 1315 2350 l’uniana
1341 2319 1503 2352 volonta.
1529 2320 1582 2351 Lo
1607 2320 1693 2360 qual
1718 2320 1875 2361 cavallo,
1903 2329 2003 2352 oome

225 2360 321 2391 vada
346 2370 454 2391 senza
480 2361 507 2390 il
534 2362 764 2393 oivaloatoie
788 2373 853 2403 per
879 2364 915 2395 10
944 2375 1073 2405 campo
1111 2367 1130 2397 e
1167 2367 1263 2398 assai
1305 2366 1515 2407 manifesto,
1556 2377 1575 2398 e
1609 2367 1868 2407 specialniente
1905 2367 2003 2399 nella

225 2408 358 2439 misera
386 2408 508 2449 ltalia,
537 2408 602 2439 ohe
629 2418 736 2440 senza
763 2420 882 2442 mezzo
908 2411 1041 2443 alcuno
1067 2423 1087 2444 a
1114 2413 1149 2444 la
1175 2423 1241 2445 sua
1266 2423 1401 2458 govern
1405 2415 1564 2445 wionem
1582 2414 1744 2446 rimasan

225 2456 258 2486 oi
286 2455 513 2486 riohiamano
539 2455 660 2495 quelle
686 2457 744 2488 del
773 2457 884 2498 Pnrg.
912 2458 974 2500 VI,
1006 2460 1047 2490 91
1077 2470 1095 2490 6
1122 2470 1202 2501 sgg.

1756 2411 1922 2448 ,ΡΜ-016
1935 2414 2002 2446 ohe

1223 2469 1230 2493 :
1259 2461 1331 2491 Ahi
1358 2463 1468 2500 gente
1486 2461 1551 2492 6116
1569 2462 1730 2493 dovresti
1749 2471 1846 2493 esser
1859 2461 2001 2502 devota,

225 2502 254 2532 E
280 2502 381 2533 lasci
374 2512 415 2533 u·
441 2502 543 2534 seder
569 2503 679 2534 Cesar
705 2513 746 2535 611
777 2506 810 2535 la.
835 2480 939 2537 sella.
969 2524 1012 2529 —-
1036 2503 1104 2539 Per
1131 2507 1158 2538 il
1174 2508 1348 2539 vocabolo
1363 2517 1456 2540 camo
1470 2508 1536 2539 0116
1550 2508 1720 2549 significa
1732 2509 2002 2549 propriamente

230 2550 506 2580 «museruola»
535 2559 570 2582 v.
598 2550 709 2590 P.urg
739 2551 838 2592 X1V,
870 2553 947 2584 ]·.l3

321 2592 493 2639 propter
516 2593 629 2640 quod
651 2604 756 2640 opus
776 2595 856 2637 fuit
877 2595 1034 2634 homini
1056 2597 1211 2643 duplici
1233 2598 1464 2636 directivo...

1468 2602 1619 2636 ,Conv.
1646 2601 1999 2644 11‚117.Eth.Nio.

226 2643 255 2683 Ι,
282 2654 300 2674 6
327 2645 372 2685 X,
403 2646 460 2685 14,
488 2644 615 2676 lhom.
642 2646 711 2686 Aq
739 2645 887 2677 Summa
912 2647 1028 2679 theol.
1060 2648 1094 2678 11
1122 2658 1161 2688 11,
1187 2659 1224 2689 (1
1255 2649 1334 2680 179.
1365 2649 1474 2690 Purg,
1501 2649 1598 2689 XVI,
1629 2650 1707 2681 106-
1711 2649 1810 2707 108.

654 2691 786 2724 Soleva
812 2693 938 2735 Roma,
967 2694 1033 2726 6116
1062 2695 1088 2725 il
1116 2696 1212 2726 buon
1238 2697 1370 2728 mondo
1399 2696 1470 2733 feo,

700 2740 781 2771 Due
807 2739 880 2772 Soli
910 2752 1010 2783 avei,
1039 2742 1105 2774 ohe
1131 2743 1232 2774 l'una
1258 2753 1276 2774 e
1303 2743 1426 2775 l’altra
1451 2744 1574 2775 strada

702 2787 842 2819 Iaoean
870 2789 1013 2830 vedere,
1042 2800 1061 2820 e
1087 2790 1146 2821 del
1173 2791 1305 2822 mondo
1330 2801 1349 2822 e
1375 2791 1413 2822 di
1432 2791 1518 2823 Deo.

229 2879 246 2911 f
322 2830 457 2867 areola
483 2830 563 2867 ista
589 2831 828 2869 mortalium.
857 2835 933 2869 cfr.

243 2881 336 2911 Croci
353 2891 389 2911 )).

964 2833 1001 2869 Ρ
995 2837 1094 2868 irad.
1124 2837 1239 2878 XXII,
1267 2838 1363 2871 151·

1407 2838 1610 2870 ‹L’aiuola
1646 2837 1712 2869 ohe
1750 2839 1782 2869 ei
1821 2838 1859 2870 fa
1898 2839 2002 2870 tauto

323 2924 503 2970 Cumque
527 2924 747 2971 dispositio
772 2927 912 2965 mundi
913 2953 977 2967 .....
1006 2931 1081 2963 Cfr.
1108 2928 1237 2964 Parid.
1263 2933 1381 2974 XXII,
1411 2933 1453 2964 61
1472 2942 1586 2973 esgg.

323 2972 482 3009 sedatis
502 2971 700 3014 fluctibus
725 2973 903 3012 blandae
928 2975 1173 3021 cupiditatis.
1203 2979 1279 3011 Cfr.
1307 2958 1436 3013 Patfad.
1461 2980 1614 3017 XXVII,
1645 2981 1725 3011 121-
1729 2980 1784 3014 23.

657 3024 685 3055 Ο
712 3025 902 3065 eupidigia
928 3026 994 3056 che
1021 3026 1030 3056 i
1060 3026 1240 3058 mortali:

1243 3026 1379 3058 ifonde

703 3071 740 3102 Si
766 3075 863 3103 sotto
880 3075 929 3113 te,
957 3073 1023 3104 6116
1049 3082 1205 3105 1166611110
1230 3074 1278 3105 ha
1303 3075 1435 3113 podere

703 3117 749 3148 Di
777 3120 890 3150 trarre
916 3120 968 3160 gli
996 3120 1101 3152 oochi
1127 3120 1208 3152 suor
1233 3121 1330 3152 dalle
1356 3123 1418 3153 tue
1444 3121 1549 3153 onde.
