<?xml version="1.0" encoding="UTF-8"?>
<!DOCTYPE html PUBLIC "-//W3C//DTD XHTML 1.0 Transitional//EN"
    "http://www.w3.org/TR/xhtml1/DTD/xhtml1-transitional.dtd">
<html xmlns="http://www.w3.org/1999/xhtml" xml:lang="en" lang="en">
 <head>
  <title>
</title>
<meta http-equiv="Content-Type" content="text/html;charset=utf-8" />
  <meta name='ocr-system' content='tesseract 3.04.00' />
  <meta name='ocr-capabilities' content='ocr_page ocr_carea ocr_par ocr_line ocrx_word'/>
</head>
<body>
  <div class='ocr_page' id='page_1' title='image "./iltrattatodellam00dantuoft_0159.png"; bbox 0 0 2248 3372; ppageno 0'>
   <div class='ocr_carea' id='block_1_1' title="bbox 0 0 849 1087">
    <p class='ocr_par' dir='ltr' id='par_1_1' title="bbox 0 0 849 1087">
     <span class='ocr_line' id='line_1_1' title="bbox 0 0 849 1087; baseline 0 -822"><span class='ocrx_word' id='word_1_1' title='bbox 0 0 849 1087; x_wconf 95' lang='lat' dir='ltr'><strong>     </strong></span> 
     </span>
    </p>
   </div>
   <div class='ocr_carea' id='block_1_2' title="bbox 0 3013 158 3372">
    <p class='ocr_par' dir='ltr' id='par_1_2' title="bbox 0 3013 158 3372">
     <span class='ocr_line' id='line_1_2' title="bbox 0 3013 158 3372; baseline 0 0"><span class='ocrx_word' id='word_1_2' title='bbox 0 3013 158 3372; x_wconf 95' lang='lat' dir='ltr'><strong> </strong></span> 
     </span>
    </p>
   </div>
   <div class='ocr_carea' id='block_1_3' title="bbox 124 271 1056 344">
    <p class='ocr_par' dir='ltr' id='par_1_3' title="bbox 124 271 1056 344">
     <span class='ocr_line' id='line_1_3' title="bbox 124 271 1056 344; baseline -0.003 -13"><span class='ocrx_word' id='word_1_3' title='bbox 124 271 139 289; x_wconf 31' lang='grc' dir='ltr'><strong>’.ἶ</strong></span> <span class='ocrx_word' id='word_1_4' title='bbox 205 291 302 344; x_wconf 87' lang='lat' dir='ltr'><strong>quit]</strong></span> <span class='ocrx_word' id='word_1_5' title='bbox 331 294 461 337; x_wconf 90' lang='lat' dir='ltr'><strong>currit,</strong></span> <span class='ocrx_word' id='word_1_6' title='bbox 489 294 581 330; x_wconf 89' lang='lat' dir='ltr'><strong>eniti</strong></span> <span class='ocrx_word' id='word_1_7' title='bbox 611 295 652 330; x_wconf 93' lang='lat' dir='ltr'><strong>et</strong></span> <span class='ocrx_word' id='word_1_8' title='bbox 670 293 910 331; x_wconf 82' lang='lat' dir='ltr'><strong>contendere</strong></span> <span class='ocrx_word' id='word_1_9' title='bbox 924 292 1056 334; x_wconf 92' lang='lat' dir='ltr'><strong>debet,</strong></span> 
     </span>
    </p>
   </div>
   <div class='ocr_carea' id='block_1_4' title="bbox 204 358 1056 466">
    <p class='ocr_par' dir='ltr' id='par_1_4' title="bbox 204 358 1056 466">
     <span class='ocr_line' id='line_1_4' title="bbox 204 358 1056 406; baseline -0.002 -10"><span class='ocrx_word' id='word_1_10' title='bbox 204 369 318 406; x_wconf 85' lang='lat' dir='ltr'><strong>quam</strong></span> <span class='ocrx_word' id='word_1_11' title='bbox 345 359 509 396; x_wconf 85' lang='lat' dir='ltr'>maxime</span> <span class='ocrx_word' id='word_1_12' title='bbox 537 359 674 405; x_wconf 78' lang='lat' dir='ltr'>possit,</span> <span class='ocrx_word' id='word_1_13' title='bbox 704 358 930 402; x_wconf 78' lang='lat' dir='ltr'><strong>ut=vincat;</strong></span> <span class='ocrx_word' id='word_1_14' title='bbox 964 367 1056 403; x_wconf 83' lang='lat' dir='ltr'><strong>sup-</strong></span> 
     </span>
     <span class='ocr_line' id='line_1_5' title="bbox 205 414 1055 466; baseline -0.002 -11"><span class='ocrx_word' id='word_1_15' title='bbox 205 414 382 464; x_wconf 78' lang='lat' dir='ltr'><strong>plantare</strong></span> <span class='ocrx_word' id='word_1_16' title='bbox 427 428 527 460; x_wconf 91' lang='lat' dir='ltr'><strong>eum,</strong></span> <span class='ocrx_word' id='word_1_17' title='bbox 570 418 720 464; x_wconf 89' lang='lat' dir='ltr'><strong>quicum</strong></span> <span class='ocrx_word' id='word_1_18' title='bbox 767 419 904 466; x_wconf 90' lang='lat' dir='ltr'><strong>certet,</strong></span> <span class='ocrx_word' id='word_1_19' title='bbox 948 417 1055 453; x_wconf 92' lang='lat' dir='ltr'><strong>nullo</strong></span> 
     </span>
    </p>
   </div>
   <div class='ocr_carea' id='block_1_5' title="bbox 205 475 1114 522">
    <p class='ocr_par' dir='ltr' id='par_1_5' title="bbox 205 475 1114 522">
     <span class='ocr_line' id='line_1_6' title="bbox 205 475 1114 522; baseline -0.002 -8"><span class='ocrx_word' id='word_1_20' title='bbox 205 475 323 514; x_wconf 91' lang='lat' dir='ltr'><strong>modo</strong></span> <span class='ocrx_word' id='word_1_21' title='bbox 350 475 515 521; x_wconf 85' lang='lat' dir='ltr'><strong>debet„.</strong></span> <span class='ocrx_word' id='word_1_22' title='bbox 545 476 774 522; x_wconf 82' lang='lat' dir='ltr'><strong>Hisitaque</strong></span> <span class='ocrx_word' id='word_1_23' title='bbox 804 477 841 513; x_wconf 92' lang='lat' dir='ltr'><strong>in</strong></span> <span class='ocrx_word' id='word_1_24' title='bbox 884 476 1056 522; x_wconf 89' lang='lat' dir='ltr'><strong>capitulo</strong></span> <span class='ocrx_word' id='word_1_25' title='bbox 1111 492 1114 499; x_wconf 69' lang='lat'><strong><em>¹</em></strong></span> 
     </span>
    </p>
   </div>
   <div class='ocr_carea' id='block_1_6' title="bbox 205 534 1060 877">
    <p class='ocr_par' dir='ltr' id='par_1_6' title="bbox 205 534 1060 877">
     <span class='ocr_line' id='line_1_7' title="bbox 207 534 1056 578; baseline -0.002 -5"><span class='ocrx_word' id='word_1_26' title='bbox 207 535 407 578; x_wconf 84' lang='lat' dir='ltr'><strong>distinctis,</strong></span> <span class='ocrx_word' id='word_1_27' title='bbox 437 535 536 572; x_wconf 86' lang='lat' dir='ltr'><strong>duas</strong></span> <span class='ocrx_word' id='word_1_28' title='bbox 567 536 743 572; x_wconf 84' lang='lat' dir='ltr'><strong>rationes</strong></span> <span class='ocrx_word' id='word_1_29' title='bbox 784 535 973 572; x_wconf 78' lang='lat' dir='ltr'><strong>efficaces</strong></span> <span class='ocrx_word' id='word_1_30' title='bbox 1007 534 1056 571; x_wconf 87' lang='lat' dir='ltr'><strong>ad</strong></span> 
     </span>
     <span class='ocr_line' id='line_1_8' title="bbox 206 594 1056 642; baseline -0.001 -11"><span class='ocrx_word' id='word_1_31' title='bbox 206 594 446 642; x_wconf 89' lang='lat' dir='ltr'><strong>propositum</strong></span> <span class='ocrx_word' id='word_1_32' title='bbox 461 595 639 641; x_wconf 87' lang='lat' dir='ltr'><strong>accipere</strong></span> <span class='ocrx_word' id='word_1_33' title='bbox 656 605 886 640; x_wconf 86' lang='lat' dir='ltr'><strong>possumus;</strong></span> <span class='ocrx_word' id='word_1_34' title='bbox 907 594 1056 631; x_wconf 89' lang='lat' dir='ltr'><strong>scilicet</strong></span> 
     </span>
     <span class='ocr_line' id='line_1_9' title="bbox 207 651 1059 700; baseline -0.001 -10"><span class='ocrx_word' id='word_1_35' title='bbox 207 664 232 690; x_wconf 85' lang='lat' dir='ltr'><strong>a</strong></span> <span class='ocrx_word' id='word_1_36' title='bbox 258 651 543 700; x_wconf 83' lang='lat' dir='ltr'><strong>disceptatione</strong></span> <span class='ocrx_word' id='word_1_37' title='bbox 573 654 804 690; x_wconf 81' lang='lat' dir='ltr'><strong>athletarum</strong></span> <span class='ocrx_word' id='word_1_38' title='bbox 824 664 950 696; x_wconf 87' lang='lat' dir='ltr'><strong>unam,</strong></span> <span class='ocrx_word' id='word_1_39' title='bbox 979 655 1059 690; x_wconf 88' lang='lat' dir='ltr'><strong>eta</strong></span> 
     </span>
     <span class='ocr_line' id='line_1_10' title="bbox 206 712 1058 760; baseline 0 -11"><span class='ocrx_word' id='word_1_40' title='bbox 206 712 490 759; x_wconf 81' lang='lat' dir='ltr'><strong>disceptatione</strong></span> <span class='ocrx_word' id='word_1_41' title='bbox 520 713 689 760; x_wconf 83' lang='lat' dir='ltr'><strong>pugilum</strong></span> <span class='ocrx_word' id='word_1_42' title='bbox 728 714 911 756; x_wconf 86' lang='lat' dir='ltr'><strong>alteram;</strong></span> <span class='ocrx_word' id='word_1_43' title='bbox 959 722 1058 759; x_wconf 87' lang='lat' dir='ltr'><strong>quas</strong></span> 
     </span>
     <span class='ocr_line' id='line_1_11' title="bbox 206 770 1060 818; baseline 0.001 -10"><span class='ocrx_word' id='word_1_44' title='bbox 206 770 359 818; x_wconf 83' lang='lat' dir='ltr'><strong>quidem</strong></span> <span class='ocrx_word' id='word_1_45' title='bbox 388 782 604 818; x_wconf 87' lang='lat' dir='ltr'><strong>prosequar</strong></span> <span class='ocrx_word' id='word_1_46' title='bbox 633 773 669 808; x_wconf 92' lang='lat' dir='ltr'><strong>in</strong></span> <span class='ocrx_word' id='word_1_47' title='bbox 717 772 972 818; x_wconf 86' lang='lat' dir='ltr'><strong>sequentibus</strong></span> <span class='ocrx_word' id='word_1_48' title='bbox 1019 774 1060 809; x_wconf 91' lang='lat' dir='ltr'><strong>et</strong></span> 
     </span>
     <span class='ocr_line' id='line_1_12' title="bbox 205 830 975 877; baseline 0.003 -10"><span class='ocrx_word' id='word_1_49' title='bbox 205 830 436 868; x_wconf 81' lang='lat' dir='ltr'><strong>immediatis</strong></span> <span class='ocrx_word' id='word_1_50' title='bbox 464 831 656 877; x_wconf 85' lang='lat' dir='ltr'><strong>capitulis.</strong></span> <span class='ocrx_word' id='word_1_51' title='bbox 974 835 975 838; x_wconf 76' lang='grc'>’</span> 
     </span>
    </p>
   </div>
   <div class='ocr_carea' id='block_1_7' title="bbox 261 936 1090 1003">
    <p class='ocr_par' dir='ltr' id='par_1_7' title="bbox 261 936 1090 1003">
     <span class='ocr_line' id='line_1_13' title="bbox 261 936 1090 1003; baseline 0.001 -12"><span class='ocrx_word' id='word_1_52' title='bbox 261 955 336 992; x_wconf 85' lang='lat' dir='ltr'><strong>vm</strong></span> <span class='ocrx_word' id='word_1_53' title='bbox 371 936 463 1002; x_wconf 66' lang='grc' dir='ltr'>’(ιι).</span> <span class='ocrx_word' id='word_1_54' title='bbox 506 955 570 992; x_wconf 85' lang='lat' dir='ltr'><strong>111e</strong></span> <span class='ocrx_word' id='word_1_55' title='bbox 614 956 729 1003; x_wconf 82' lang='lat' dir='ltr'><strong>igitur</strong></span> <span class='ocrx_word' id='word_1_56' title='bbox 772 956 950 1001; x_wconf 87' lang='lat' dir='ltr'><strong>populus,</strong></span> <span class='ocrx_word' id='word_1_57' title='bbox 993 956 1090 1002; x_wconf 86' lang='lat' dir='ltr'><strong>qui·</strong></span> 
     </span>
    </p>
   </div>
   <div class='ocr_carea' id='block_1_8' title="bbox 208 1014 1061 1118">
    <p class='ocr_par' dir='ltr' id='par_1_8' title="bbox 208 1014 1061 1118">
     <span class='ocr_line' id='line_1_14' title="bbox 208 1014 1061 1061; baseline 0.002 -11"><span class='ocrx_word' id='word_1_58' title='bbox 208 1015 356 1051; x_wconf 86' lang='lat' dir='ltr'><strong>cunctis</strong></span> <span class='ocrx_word' id='word_1_59' title='bbox 406 1014 722 1052; x_wconf 86' lang='lat' dir='ltr'><strong>athletizantibus</strong></span> <span class='ocrx_word' id='word_1_60' title='bbox 772 1026 844 1061; x_wconf 92' lang='lat' dir='ltr'><strong>pro</strong></span> <span class='ocrx_word' id='word_1_61' title='bbox 895 1015 1061 1061; x_wconf 88' lang='lat' dir='ltr'><strong>imperio</strong></span> 
     </span>
     <span class='ocr_line' id='line_1_15' title="bbox 209 1072 1058 1118; baseline 0 -7"><span class='ocrx_word' id='word_1_62' title='bbox 209 1072 336 1111; x_wconf 88' lang='lat' dir='ltr'><strong>mundi</strong></span> <span class='ocrx_word' id='word_1_63' title='bbox 378 1074 608 1118; x_wconf 87' lang='lat' dir='ltr'><strong>praevaluit,</strong></span> <span class='ocrx_word' id='word_1_64' title='bbox 651 1073 699 1110; x_wconf 90' lang='lat' dir='ltr'><strong>de</strong></span> <span class='ocrx_word' id='word_1_65' title='bbox 742 1074 874 1111; x_wconf 90' lang='lat' dir='ltr'><strong>divino</strong></span> <span class='ocrx_word' id='word_1_66' title='bbox 918 1074 1058 1111; x_wconf 89' lang='lat' dir='ltr'><strong>iudicio</strong></span> 
     </span>
    </p>
   </div>
   <div class='ocr_carea' id='block_1_9' title="bbox 209 1137 1062 1186">
    <p class='ocr_par' dir='ltr' id='par_1_9' title="bbox 209 1137 1062 1186">
     <span class='ocr_line' id='line_1_16' title="bbox 209 1137 1062 1186; baseline 0.002 -12"><span class='ocrx_word' id='word_1_67' title='bbox 209 1138 437 1184; x_wconf 86' lang='lat' dir='ltr'><strong>praevaluit.</strong></span> <span class='ocrx_word' id='word_1_68' title='bbox 466 1137 563 1175; x_wconf 87' lang='lat' dir='ltr'><strong>Nam</strong></span> <span class='ocrx_word' id='word_1_69' title='bbox 592 1150 706 1184; x_wconf 90' lang='lat' dir='ltr'><strong>quum</strong></span> <span class='ocrx_word' id='word_1_70' title='bbox 735 1139 940 1186; x_wconf 89' lang='lat' dir='ltr'><strong>diremptio</strong></span> <span class='ocrx_word' id='word_1_71' title='bbox 975 1139 1062 1176; x_wconf 91' lang='lat' dir='ltr'><strong>uni-</strong></span> 
     </span>
    </p>
   </div>
   <div class='ocr_carea' id='block_1_10' title="bbox 208 1331 1063 1380">
    <p class='ocr_par' dir='ltr' id='par_1_10' title="bbox 208 1331 1063 1380">
     <span class='ocr_line' id='line_1_17' title="bbox 208 1331 1063 1380; baseline 0.006 -13"><span class='ocrx_word' id='word_1_72' title='bbox 208 1331 433 1368; x_wconf 84' lang='lat' dir='ltr'><strong>ticularibus</strong></span> <span class='ocrx_word' id='word_1_73' title='bbox 447 1332 578 1379; x_wconf 87' lang='lat' dir='ltr'><strong>litigiis</strong></span> <span class='ocrx_word' id='word_1_74' title='bbox 592 1333 822 1379; x_wconf 88' lang='lat' dir='ltr'><strong>quibusdam</strong></span> <span class='ocrx_word' id='word_1_75' title='bbox 848 1345 917 1380; x_wconf 87' lang='lat' dir='ltr'><strong>per</strong></span> <span class='ocrx_word' id='word_1_76' title='bbox 943 1334 1063 1372; x_wconf 88' lang='lat' dir='ltr'><strong>athle-</strong></span> 
     </span>
    </p>
   </div>
   <div class='ocr_carea' id='block_1_11' title="bbox 207 1395 2022 1452">
    <p class='ocr_par' dir='ltr' id='par_1_11' title="bbox 207 1395 2022 1452">
     <span class='ocr_line' id='line_1_18' title="bbox 207 1395 2022 1452; baseline -0.003 -1"><span class='ocrx_word' id='word_1_77' title='bbox 207 1397 272 1433; x_wconf 67' lang='lat' dir='ltr'><strong>tas</strong></span> <span class='ocrx_word' id='word_1_78' title='bbox 298 1395 466 1434; x_wconf 48' lang='lat' dir='ltr'><strong>diffluum</strong></span> <span class='ocrx_word' id='word_1_79' title='bbox 482 1397 658 1435; x_wconf 63' lang='lat' dir='ltr'><strong>indiCium</strong></span> <span class='ocrx_word' id='word_1_80' title='bbox 687 1399 941 1445; x_wconf 67' lang='lat' dir='ltr'><strong>POStfflemUS’</strong></span> <span class='ocrx_word' id='word_1_81' title='bbox 957 1400 1064 1436; x_wconf 55' lang='lat' dir='ltr'><strong>iuna</strong></span> <span class='ocrx_word' id='word_1_82' title='bbox 1103 1404 1105 1451; x_wconf 49' lang='lat'>[</span> <span class='ocrx_word' id='word_1_83' title='bbox 1137 1412 1228 1450; x_wconf 74' lang='lat' dir='ltr'><strong>dica</strong></span> <span class='ocrx_word' id='word_1_84' title='bbox 1238 1413 1367 1450; x_wconf 75' lang='lat' dir='ltr'><strong>anche</strong></span> <span class='ocrx_word' id='word_1_85' title='bbox 1379 1412 1606 1449; x_wconf 84' lang='lat' dir='ltr'><strong>Pietr0.·non</strong></span> <span class='ocrx_word' id='word_1_86' title='bbox 1619 1411 1682 1448; x_wconf 81' lang='lat' dir='ltr'><strong>v&#39;e</strong></span> <span class='ocrx_word' id='word_1_87' title='bbox 1693 1410 1992 1448; x_wconf 90' lang='lat' dir='ltr'><strong>nessundubbio</strong></span> <span class='ocrx_word' id='word_1_88' title='bbox 2021 1448 2022 1452; x_wconf 56' lang='grc'>,</span> 
     </span>
    </p>
   </div>
   <div class='ocr_carea' id='block_1_12' title="bbox 207 1454 1104 1502">
    <p class='ocr_par' dir='ltr' id='par_1_12' title="bbox 207 1454 1104 1502">
     <span class='ocr_line' id='line_1_19' title="bbox 207 1454 1104 1502; baseline 0.006 -11"><span class='ocrx_word' id='word_1_89' title='bbox 207 1454 282 1492; x_wconf 87' lang='lat' dir='ltr'><strong>iam</strong></span> <span class='ocrx_word' id='word_1_90' title='bbox 307 1455 438 1492; x_wconf 83' lang='lat' dir='ltr'><strong>tritum</strong></span> <span class='ocrx_word' id='word_1_91' title='bbox 480 1457 753 1502; x_wconf 89' lang='lat' dir='ltr'><strong>proverbium:</strong></span> <span class='ocrx_word' id='word_1_92' title='bbox 801 1461 817 1478; x_wconf 88' lang='lat'>“</span> <span class='ocrx_word' id='word_1_93' title='bbox 843 1457 916 1495; x_wconf 89' lang='lat' dir='ltr'><strong>Cui</strong></span> <span class='ocrx_word' id='word_1_94' title='bbox 952 1458 1062 1496; x_wconf 90' lang='lat' dir='ltr'><strong>Deus</strong></span> <span class='ocrx_word' id='word_1_95' title='bbox 1103 1457 1104 1481; x_wconf 69' lang='lat'><em>³</em></span> 
     </span>
    </p>
   </div>
   <div class='ocr_carea' id='block_1_13' title="bbox 209 1514 1064 1621">
    <p class='ocr_par' dir='ltr' id='par_1_13' title="bbox 209 1514 1064 1621">
     <span class='ocr_line' id='line_1_20' title="bbox 209 1514 1061 1562; baseline 0.005 -11"><span class='ocrx_word' id='word_1_96' title='bbox 209 1514 399 1556; x_wconf 88' lang='lat' dir='ltr'><strong>concedit,</strong></span> <span class='ocrx_word' id='word_1_97' title='bbox 414 1515 622 1554; x_wconf 85' lang='lat' dir='ltr'><strong>benedicat</strong></span> <span class='ocrx_word' id='word_1_98' title='bbox 641 1519 682 1553; x_wconf 90' lang='lat' dir='ltr'><strong>et</strong></span> <span class='ocrx_word' id='word_1_99' title='bbox 697 1517 837 1554; x_wconf 85' lang='lat' dir='ltr'><strong>Petrus</strong></span> <span class='ocrx_word' id='word_1_100' title='bbox 856 1546 872 1562; x_wconf 86' lang='lat'>„</span> <span class='ocrx_word' id='word_1_101' title='bbox 894 1530 902 1555; x_wconf 91' lang='lat'>:</span> <span class='ocrx_word' id='word_1_102' title='bbox 918 1519 1061 1555; x_wconf 88' lang='lat' dir='ltr'><strong>nullum</strong></span> 
     </span>
     <span class='ocr_line' id='line_1_21' title="bbox 209 1572 1064 1621; baseline 0.005 -11"><span class='ocrx_word' id='word_1_103' title='bbox 209 1572 363 1611; x_wconf 85' lang='lat' dir='ltr'><strong>dubium</strong></span> <span class='ocrx_word' id='word_1_104' title='bbox 392 1576 466 1617; x_wconf 86' lang='lat' dir='ltr'><strong>est,</strong></span> <span class='ocrx_word' id='word_1_105' title='bbox 495 1575 584 1620; x_wconf 85' lang='lat' dir='ltr'><strong>quin</strong></span> <span class='ocrx_word' id='word_1_106' title='bbox 601 1577 870 1621; x_wconf 89' lang='lat' dir='ltr'><strong>praevalentia</strong></span> <span class='ocrx_word' id='word_1_107' title='bbox 889 1577 925 1613; x_wconf 89' lang='lat' dir='ltr'><strong>in</strong></span> <span class='ocrx_word' id='word_1_108' title='bbox 943 1578 1064 1614; x_wconf 85' lang='lat' dir='ltr'><strong>athle-</strong></span> 
     </span>
    </p>
   </div>
   <div class='ocr_carea' id='block_1_14' title="bbox 180 1631 1060 1679">
    <p class='ocr_par' dir='ltr' id='par_1_14' title="bbox 180 1631 1060 1679">
     <span class='ocr_line' id='line_1_22' title="bbox 180 1631 1060 1679; baseline 0.007 -12"><span class='ocrx_word' id='word_1_109' title='bbox 180 1674 186 1679; x_wconf 39' lang='grc'><em>,</em></span> <span class='ocrx_word' id='word_1_110' title='bbox 210 1631 262 1668; x_wconf 87' lang='lat' dir='ltr'><strong>tis</strong></span> <span class='ocrx_word' id='word_1_111' title='bbox 288 1641 359 1678; x_wconf 90' lang='lat' dir='ltr'><strong>pro</strong></span> <span class='ocrx_word' id='word_1_112' title='bbox 387 1633 548 1678; x_wconf 89' lang='lat' dir='ltr'><strong>imperio</strong></span> <span class='ocrx_word' id='word_1_113' title='bbox 567 1635 694 1671; x_wconf 89' lang='lat' dir='ltr'><strong>mundi</strong></span> <span class='ocrx_word' id='word_1_114' title='bbox 724 1636 964 1673; x_wconf 86' lang='lat' dir='ltr'><strong>certantibus</strong></span> <span class='ocrx_word' id='word_1_115' title='bbox 986 1636 1060 1673; x_wconf 90' lang='lat' dir='ltr'><strong>Dei</strong></span> 
     </span>
    </p>
   </div>
   <div class='ocr_carea' id='block_1_15' title="bbox 210 1686 1061 1870">
    <p class='ocr_par' dir='ltr' id='par_1_15' title="bbox 210 1686 1061 1870">
     <span class='ocr_line' id='line_1_23' title="bbox 210 1686 1060 1748; baseline 0.007 -15"><span class='ocrx_word' id='word_1_116' title='bbox 210 1686 387 1734; x_wconf 85' lang='lat' dir='ltr'><strong>iudicium</strong></span> <span class='ocrx_word' id='word_1_117' title='bbox 402 1698 454 1735; x_wconf 88' lang='lat' dir='ltr'><strong>sit</strong></span> <span class='ocrx_word' id='word_1_118' title='bbox 481 1701 628 1736; x_wconf 87' lang='lat' dir='ltr'><strong>secuta.</strong></span> <span class='ocrx_word' id='word_1_119' title='bbox 660 1700 857 1738; x_wconf 82' lang='lat' dir='ltr'><strong>Romanus</strong></span> <span class='ocrx_word' id='word_1_120' title='bbox 882 1701 1060 1748; x_wconf 85' lang='lat' dir='ltr'><strong>populus,</strong></span> 
     </span>
     <span class='ocr_line' id='line_1_24' title="bbox 211 1761 1061 1813; baseline 0.007 -15"><span class='ocrx_word' id='word_1_121' title='bbox 211 1761 359 1800; x_wconf 74' lang='lat' dir='ltr'><strong>cunctis</strong></span> <span class='ocrx_word' id='word_1_122' title='bbox 405 1763 719 1802; x_wconf 87' lang='lat' dir='ltr'><strong>athletizantibus</strong></span> <span class='ocrx_word' id='word_1_123' title='bbox 774 1777 844 1812; x_wconf 93' lang='lat' dir='ltr'><strong>pro</strong></span> <span class='ocrx_word' id='word_1_124' title='bbox 900 1767 1061 1813; x_wconf 87' lang='lat' dir='ltr'><strong>imperio</strong></span> 
     </span>
     <span class='ocr_line' id='line_1_25' title="bbox 211 1820 1060 1870; baseline 0.009 -14"><span class='ocrx_word' id='word_1_125' title='bbox 211 1820 351 1864; x_wconf 87' lang='lat' dir='ltr'><strong>mundi,</strong></span> <span class='ocrx_word' id='word_1_126' title='bbox 362 1823 591 1867; x_wconf 86' lang='lat' dir='ltr'><strong>praevaluit:</strong></span> <span class='ocrx_word' id='word_1_127' title='bbox 603 1824 707 1870; x_wconf 87' lang='lat' dir='ltr'><strong>quod</strong></span> <span class='ocrx_word' id='word_1_128' title='bbox 719 1826 792 1862; x_wconf 90' lang='lat' dir='ltr'><strong>erit</strong></span> <span class='ocrx_word' id='word_1_129' title='bbox 803 1826 1060 1869; x_wconf 76' lang='lat' dir='ltr'><strong>manifestum,</strong></span> 
     </span>
    </p>
   </div>
   <div class='ocr_carea' id='block_1_16' title="bbox 174 1879 1062 1928">
    <p class='ocr_par' dir='ltr' id='par_1_16' title="bbox 174 1879 1062 1928">
     <span class='ocr_line' id='line_1_26' title="bbox 174 1879 1062 1928; baseline 0.009 -13"><span class='ocrx_word' id='word_1_130' title='bbox 174 1897 178 1902; x_wconf 92' lang='lat'><em>·</em></span> <span class='ocrx_word' id='word_1_131' title='bbox 210 1879 243 1916; x_wconf 86' lang='lat' dir='ltr'><strong>si</strong></span> <span class='ocrx_word' id='word_1_132' title='bbox 271 1880 566 1919; x_wconf 84' lang='lat' dir='ltr'><strong>considerentur</strong></span> <span class='ocrx_word' id='word_1_133' title='bbox 594 1883 792 1928; x_wconf 86' lang='lat' dir='ltr'><strong>athletae;</strong></span> <span class='ocrx_word' id='word_1_134' title='bbox 823 1886 854 1922; x_wconf 89' lang='lat' dir='ltr'><strong>si</strong></span> <span class='ocrx_word' id='word_1_135' title='bbox 885 1886 1062 1923; x_wconf 87' lang='lat' dir='ltr'><strong>conside-</strong></span> 
     </span>
    </p>
   </div>
   <div class='ocr_carea' id='block_1_17' title="bbox 210 1939 1058 1983">
    <p class='ocr_par' dir='ltr' id='par_1_17' title="bbox 210 1939 1058 1983">
     <span class='ocr_line' id='line_1_27' title="bbox 210 1939 1058 1983; baseline 0.009 -8"><span class='ocrx_word' id='word_1_136' title='bbox 210 1939 317 1976; x_wconf 86' lang='lat' dir='ltr'><strong>retur</strong></span> <span class='ocrx_word' id='word_1_137' title='bbox 345 1942 386 1976; x_wconf 91' lang='lat' dir='ltr'><strong>et</strong></span> <span class='ocrx_word' id='word_1_138' title='bbox 417 1941 589 1978; x_wconf 87' lang='lat' dir='ltr'><strong>bravium</strong></span> <span class='ocrx_word' id='word_1_139' title='bbox 610 1943 694 1980; x_wconf 85' lang='lat' dir='ltr'><strong>sive</strong></span> <span class='ocrx_word' id='word_1_140' title='bbox 729 1948 844 1981; x_wconf 89' lang='lat' dir='ltr'><strong>meta.</strong></span> <span class='ocrx_word' id='word_1_141' title='bbox 875 1945 1058 1983; x_wconf 87' lang='lat' dir='ltr'><strong>Bravium</strong></span> 
     </span>
    </p>
   </div>
   <div class='ocr_carea' id='block_1_18' title="bbox 849 0 1914 42">
    <p class='ocr_par' dir='ltr' id='par_1_18' title="bbox 849 0 1965 42">
     <span class='ocr_line' id='line_1_28' title="bbox 849 0 1914 42; baseline -0.003 -6"><span class='ocrx_word' id='word_1_142' title='bbox 849 0 1043 36; x_wconf 51' lang='lat' dir='ltr'><strong>*aar*</strong></span> <span class='ocrx_word' id='word_1_143' title='bbox 1055 0 1319 35; x_wconf 52' lang='lat' dir='ltr'><strong>awrw-&#39;Ww</strong></span> <span class='ocrx_word' id='word_1_144' title='bbox 1367 0 1818 42; x_wconf 48' lang='lat' dir='ltr'><strong>mmmuzafwffnw</strong></span> <span class='ocrx_word' id='word_1_145' title='bbox 1826 0 1914 30; x_wconf 49' lang='lat' dir='ltr'><strong>‘&#39;rx-*1</strong></span> 
     </span>
    </p>
   </div>
   <div class='ocr_carea' id='block_1_19' title="bbox 1101 296 1108 1819">
    <p class='ocr_par' dir='ltr' id='par_1_19' title="bbox 1101 296 1108 1819">
     <span class='ocr_line' id='line_1_29' title="bbox 1101 296 1108 1819; baseline 0 0"><span class='ocrx_word' id='word_1_146' title='bbox 1101 296 1108 1819; x_wconf 95' lang='lat' dir='ltr'><strong> </strong></span> 
     </span>
    </p>
   </div>
   <div class='ocr_carea' id='block_1_20' title="bbox 1102 296 1107 1996">
    <p class='ocr_par' dir='ltr' id='par_1_20' title="bbox 1102 296 1107 1996">
     <span class='ocr_line' id='line_1_30' title="bbox 1102 296 1107 1996; baseline 0 0"><span class='ocrx_word' id='word_1_147' title='bbox 1102 296 1107 1996; x_wconf 95' lang='lat' dir='ltr'><strong> </strong></span> 
     </span>
    </p>
   </div>
   <div class='ocr_carea' id='block_1_21' title="bbox 189 4 1985 216">
    <p class='ocr_par' dir='ltr' id='par_1_21' title="bbox 186 0 1985 216">
     <span class='ocr_line' id='line_1_31' title="bbox 291 4 814 38; baseline 0.001 -8"><span class='ocrx_word' id='word_1_148' title='bbox 291 26 294 30; x_wconf 74' lang='grc'><strong><em>,</em></strong></span> <span class='ocrx_word' id='word_1_149' title='bbox 320 35 322 38; x_wconf 32' lang='lat' dir='ltr'>v</span> <span class='ocrx_word' id='word_1_150' title='bbox 351 16 353 19; x_wconf 73' lang='lat'><em>⁴</em></span> <span class='ocrx_word' id='word_1_151' title='bbox 372 8 377 19; x_wconf 37' lang='grc' dir='ltr'><em>λ</em></span> <span class='ocrx_word' id='word_1_152' title='bbox 467 21 483 33; x_wconf 54' lang='lat' dir='ltr'><strong>s„</strong></span> <span class='ocrx_word' id='word_1_153' title='bbox 511 6 553 27; x_wconf 42' lang='lat'><strong>⁴3³⁸*</strong></span> <span class='ocrx_word' id='word_1_154' title='bbox 582 4 609 31; x_wconf 20' lang='lat'><strong>&#39;⁵&#39;</strong></span> <span class='ocrx_word' id='word_1_155' title='bbox 622 10 626 15; x_wconf 83' lang='grc'><strong>”</strong></span> <span class='ocrx_word' id='word_1_156' title='bbox 646 19 647 22; x_wconf 73' lang='grc'>’</span> <span class='ocrx_word' id='word_1_157' title='bbox 699 26 707 35; x_wconf 69' lang='grc'>,</span> <span class='ocrx_word' id='word_1_158' title='bbox 742 25 755 35; x_wconf 49' lang='lat'>4</span> <span class='ocrx_word' id='word_1_159' title='bbox 796 23 814 37; x_wconf 47' lang='lat' dir='ltr'><strong>a„</strong></span> 
     </span>
     <span class='ocr_line' id='line_1_32' title="bbox 189 34 1379 75; baseline -0.002 0"><span class='ocrx_word' id='word_1_160' title='bbox 189 67 205 75; x_wconf 70' lang='grc'><strong>..</strong></span> <span class='ocrx_word' id='word_1_161' title='bbox 470 34 551 70; x_wconf 47' lang='lat'><strong>„³⁷5”</strong></span> <span class='ocrx_word' id='word_1_162' title='bbox 586 35 602 50; x_wconf 65' lang='lat'>⁸</span> <span class='ocrx_word' id='word_1_163' title='bbox 658 35 664 73; x_wconf 78' lang='grc'><strong>.’</strong></span> <span class='ocrx_word' id='word_1_164' title='bbox 814 37 909 72; x_wconf 35' lang='lat' dir='ltr'><strong>&#39;Im</strong></span> <span class='ocrx_word' id='word_1_165' title='bbox 955 54 959 62; x_wconf 94' lang='lat'>·</span> <span class='ocrx_word' id='word_1_166' title='bbox 1372 34 1379 43; x_wconf 57' lang='lat'>⁸</span> 
     </span>
     <span class='ocr_line' id='line_1_33' title="bbox 191 71 1180 111; baseline 0.001 -2"><span class='ocrx_word' id='word_1_167' title='bbox 191 78 203 102; x_wconf 69' lang='lat'><strong>&lt;³</strong></span> <span class='ocrx_word' id='word_1_168' title='bbox 230 100 251 109; x_wconf 85' lang='grc'>.</span> <span class='ocrx_word' id='word_1_169' title='bbox 272 71 335 111; x_wconf 59' lang='grc' dir='ltr'><strong>ῑὲ-ῑζὲ</strong></span> <span class='ocrx_word' id='word_1_170' title='bbox 407 92 415 103; x_wconf 67' lang='lat'>1</span> <span class='ocrx_word' id='word_1_171' title='bbox 451 82 471 92; x_wconf 87' lang='grc'><strong>··</strong></span> <span class='ocrx_word' id='word_1_172' title='bbox 628 100 630 102; x_wconf 31' lang='lat' dir='ltr'>v</span> <span class='ocrx_word' id='word_1_173' title='bbox 1054 81 1064 93; x_wconf 77' lang='lat'><strong>¹</strong></span> <span class='ocrx_word' id='word_1_174' title='bbox 1178 79 1180 82; x_wconf 78' lang='grc'>’</span> 
     </span>
     <span class='ocr_line' id='line_1_34' title="bbox 252 113 1940 160; baseline 0.002 -10.887"><span class='ocrx_word' id='word_1_175' title='bbox 252 115 266 142; x_wconf 60' lang='grc' dir='ltr'>Ἰ</span> <span class='ocrx_word' id='word_1_176' title='bbox 318 152 321 155; x_wconf 67' lang='grc'>,</span> <span class='ocrx_word' id='word_1_177' title='bbox 443 126 447 130; x_wconf 59' lang='lat'><strong>⁴</strong></span> <span class='ocrx_word' id='word_1_178' title='bbox 528 129 542 145; x_wconf 73' lang='lat' dir='ltr'><em>e</em></span> <span class='ocrx_word' id='word_1_179' title='bbox 996 126 1126 152; x_wconf 67' lang='lat' dir='ltr'><strong>PAR&#39;mc</strong></span> <span class='ocrx_word' id='word_1_180' title='bbox 1152 126 1198 150; x_wconf 87' lang='lat'><strong>11.</strong></span> <span class='ocrx_word' id='word_1_181' title='bbox 1816 155 1822 160; x_wconf 58' lang='grc'><strong><em>,</em></strong></span> <span class='ocrx_word' id='word_1_182' title='bbox 1871 113 1940 145; x_wconf 82' lang='lat'><strong>155</strong></span> 
     </span>
     <span class='ocr_line' id='line_1_35' title="bbox 203 183 1985 216; baseline -0.002 -4"><span class='ocrx_word' id='word_1_183' title='bbox 203 183 1533 216; x_wconf 45' lang='lat' dir='ltr'><strong>mmmmm</strong></span> <span class='ocrx_word' id='word_1_184' title='bbox 1868 197 1985 208; x_wconf 49' lang='lat' dir='ltr'><strong>”W</strong></span> 
     </span>
    </p>
   </div>
   <div class='ocr_carea' id='block_1_22' title="bbox 1682 197 1865 208">
    <p class='ocr_par' dir='ltr' id='par_1_22' title="bbox 1682 197 1865 208">
     <span class='ocr_line' id='line_1_36' title="bbox 1682 197 1865 208; baseline 0 3164"><span class='ocrx_word' id='word_1_185' title='bbox 1682 197 1865 208; x_wconf 95' lang='lat' dir='ltr'><strong> </strong></span> 
     </span>
    </p>
   </div>
   <div class='ocr_carea' id='block_1_23' title="bbox 1534 199 1681 210">
    <p class='ocr_par' dir='ltr' id='par_1_23' title="bbox 1534 199 1681 210">
     <span class='ocr_line' id='line_1_37' title="bbox 1534 199 1681 210; baseline 0 3162"><span class='ocrx_word' id='word_1_186' title='bbox 1534 199 1681 210; x_wconf 95' lang='lat' dir='ltr'><strong> </strong></span> 
     </span>
    </p>
   </div>
   <div class='ocr_carea' id='block_1_24' title="bbox 1130 287 1988 444">
    <p class='ocr_par' dir='ltr' id='par_1_24' title="bbox 1130 287 1988 444">
     <span class='ocr_line' id='line_1_38' title="bbox 1130 287 1986 336; baseline -0.007 -8"><span class='ocrx_word' id='word_1_187' title='bbox 1130 291 1289 328; x_wconf 84' lang='lat' dir='ltr'><strong>tendere</strong></span> <span class='ocrx_word' id='word_1_188' title='bbox 1331 293 1480 336; x_wconf 83' lang='lat' dir='ltr'><strong>quanto</strong></span> <span class='ocrx_word' id='word_1_189' title='bbox 1502 288 1575 335; x_wconf 81' lang='grc' dir='ltr'><em>ρι’ῐι</em></span> <span class='ocrx_word' id='word_1_190' title='bbox 1596 289 1682 335; x_wconf 71' lang='lat' dir='ltr'><strong>pub</strong></span> <span class='ocrx_word' id='word_1_191' title='bbox 1703 298 1781 334; x_wconf 87' lang='lat' dir='ltr'><strong>per</strong></span> <span class='ocrx_word' id='word_1_192' title='bbox 1820 287 1986 327; x_wconf 79' lang='lat' dir='ltr'><strong>vincere,</strong></span> 
     </span>
     <span class='ocr_line' id='line_1_39' title="bbox 1131 340 1988 394; baseline -0.007 -12"><span class='ocrx_word' id='word_1_193' title='bbox 1131 354 1198 382; x_wconf 84' lang='lat' dir='ltr'><strong>ma</strong></span> <span class='ocrx_word' id='word_1_194' title='bbox 1226 354 1306 394; x_wconf 60' lang='lat' dir='ltr'><strong>nort</strong></span> <span class='ocrx_word' id='word_1_195' title='bbox 1334 345 1430 380; x_wconf 84' lang='lat' dir='ltr'><strong>dare</strong></span> <span class='ocrx_word' id='word_1_196' title='bbox 1459 343 1496 379; x_wconf 90' lang='lat' dir='ltr'><strong>Io</strong></span> <span class='ocrx_word' id='word_1_197' title='bbox 1525 343 1748 390; x_wconf 81' lang='lat' dir='ltr'><strong>sgambetto</strong></span> <span class='ocrx_word' id='word_1_198' title='bbox 1791 351 1818 378; x_wconf 86' lang='grc' dir='ltr'><em>α</em></span> <span class='ocrx_word' id='word_1_199' title='bbox 1857 340 1988 387; x_wconf 80' lang='lat' dir='ltr'><strong>quello</strong></span> 
     </span>
     <span class='ocr_line' id='line_1_40' title="bbox 1132 393 1988 444; baseline -0.007 -9"><span class='ocrx_word' id='word_1_200' title='bbox 1132 398 1196 435; x_wconf 82' lang='lat' dir='ltr'><strong>eol</strong></span> <span class='ocrx_word' id='word_1_201' title='bbox 1220 398 1340 444; x_wconf 83' lang='lat' dir='ltr'><strong>quale</strong></span> <span class='ocrx_word' id='word_1_202' title='bbox 1383 397 1578 444; x_wconf 82' lang='lat' dir='ltr'><strong>gareggia</strong></span> <span class='ocrx_word' id='word_1_203' title='bbox 1593 424 1626 439; x_wconf 85' lang='lat'><strong>„.</strong></span> <span class='ocrx_word' id='word_1_204' title='bbox 1668 395 1783 431; x_wconf 85' lang='lat' dir='ltr'><strong>Fatte</strong></span> <span class='ocrx_word' id='word_1_205' title='bbox 1833 393 1988 440; x_wconf 82' lang='lat' dir='ltr'><strong>dunque</strong></span> 
     </span>
    </p>
   </div>
   <div class='ocr_carea' id='block_1_25' title="bbox 1116 448 1991 498">
    <p class='ocr_par' dir='ltr' id='par_1_25' title="bbox 1116 448 1991 498">
     <span class='ocr_line' id='line_1_41' title="bbox 1116 448 1991 498; baseline -0.007 -9"><span class='ocrx_word' id='word_1_206' title='bbox 1116 450 1271 498; x_wconf 70' lang='lat' dir='ltr'><strong>queste</strong></span> <span class='ocrx_word' id='word_1_207' title='bbox 1314 449 1533 487; x_wconf 87' lang='lat' dir='ltr'><strong>distinzioni</strong></span> <span class='ocrx_word' id='word_1_208' title='bbox 1577 450 1639 485; x_wconf 89' lang='lat' dir='ltr'><strong>nel</strong></span> <span class='ocrx_word' id='word_1_209' title='bbox 1683 448 1867 494; x_wconf 87' lang='lat' dir='ltr'><strong>capitolo,</strong></span> <span class='ocrx_word' id='word_1_210' title='bbox 1903 457 1991 493; x_wconf 81' lang='lat' dir='ltr'><strong>pos-</strong></span> 
     </span>
    </p>
   </div>
   <div class='ocr_carea' id='block_1_26' title="bbox 1131 500 1990 604">
    <p class='ocr_par' dir='ltr' id='par_1_26' title="bbox 1131 500 1990 604">
     <span class='ocr_line' id='line_1_42' title="bbox 1131 500 1989 551; baseline -0.007 -9"><span class='ocrx_word' id='word_1_211' title='bbox 1131 505 1255 542; x_wconf 81' lang='lat' dir='ltr'><strong>siamo</strong></span> <span class='ocrx_word' id='word_1_212' title='bbox 1285 503 1477 551; x_wconf 87' lang='lat' dir='ltr'><strong>prendere</strong></span> <span class='ocrx_word' id='word_1_213' title='bbox 1494 503 1570 539; x_wconf 90' lang='lat' dir='ltr'><strong>due</strong></span> <span class='ocrx_word' id='word_1_214' title='bbox 1587 503 1739 549; x_wconf 88' lang='lat' dir='ltr'><strong>ragioni</strong></span> <span class='ocrx_word' id='word_1_215' title='bbox 1756 502 1879 538; x_wconf 90' lang='lat' dir='ltr'><strong>molto</strong></span> <span class='ocrx_word' id='word_1_216' title='bbox 1895 500 1989 537; x_wconf 77' lang='lat' dir='ltr'><strong>forti</strong></span> 
     </span>
     <span class='ocr_line' id='line_1_43' title="bbox 1132 555 1990 604; baseline -0.005 -10"><span class='ocrx_word' id='word_1_217' title='bbox 1132 569 1203 604; x_wconf 88' lang='lat' dir='ltr'><strong>per</strong></span> <span class='ocrx_word' id='word_1_218' title='bbox 1222 558 1246 594; x_wconf 90' lang='lat' dir='ltr'><strong>il</strong></span> <span class='ocrx_word' id='word_1_219' title='bbox 1275 559 1413 594; x_wconf 83' lang='lat' dir='ltr'><strong>nostro</strong></span> <span class='ocrx_word' id='word_1_220' title='bbox 1443 556 1659 602; x_wconf 89' lang='lat' dir='ltr'><strong>proposito,</strong></span> <span class='ocrx_word' id='word_1_221' title='bbox 1678 566 1755 591; x_wconf 86' lang='lat' dir='ltr'><strong>una</strong></span> <span class='ocrx_word' id='word_1_222' title='bbox 1771 555 1876 591; x_wconf 90' lang='lat' dir='ltr'><strong>dalla</strong></span> <span class='ocrx_word' id='word_1_223' title='bbox 1892 564 1990 601; x_wconf 87' lang='lat' dir='ltr'><strong>gara</strong></span> 
     </span>
    </p>
   </div>
   <div class='ocr_carea' id='block_1_27' title="bbox 1133 615 1992 781">
    <p class='ocr_par' dir='ltr' id='par_1_27' title="bbox 1133 615 1992 781">
     <span class='ocr_line' id='line_1_44' title="bbox 1133 615 1992 664; baseline -0.006 -10"><span class='ocrx_word' id='word_1_224' title='bbox 1133 617 1237 664; x_wconf 89' lang='lat' dir='ltr'><strong>degli</strong></span> <span class='ocrx_word' id='word_1_225' title='bbox 1268 616 1534 660; x_wconf 90' lang='lat' dir='ltr'><strong>atleti‚l&#39;altra</strong></span> <span class='ocrx_word' id='word_1_226' title='bbox 1563 615 1628 652; x_wconf 90' lang='lat' dir='ltr'><strong>dai</strong></span> <span class='ocrx_word' id='word_1_227' title='bbox 1663 615 1899 661; x_wconf 87' lang='lat' dir='ltr'><strong>pugillatori,</strong></span> <span class='ocrx_word' id='word_1_228' title='bbox 1934 624 1992 650; x_wconf 89' lang='lat' dir='ltr'><strong>ra-</strong></span> 
     </span>
     <span class='ocr_line' id='line_1_45' title="bbox 1133 674 1990 723; baseline -0.006 -10"><span class='ocrx_word' id='word_1_229' title='bbox 1133 676 1238 723; x_wconf 87' lang='lat' dir='ltr'><strong>gioni</strong></span> <span class='ocrx_word' id='word_1_230' title='bbox 1286 676 1357 713; x_wconf 88' lang='lat' dir='ltr'><strong>che</strong></span> <span class='ocrx_word' id='word_1_231' title='bbox 1386 675 1597 722; x_wconf 78' lang='lat' dir='ltr'><strong>spieghero</strong></span> <span class='ocrx_word' id='word_1_232' title='bbox 1631 675 1694 711; x_wconf 91' lang='lat' dir='ltr'><strong>nei</strong></span> <span class='ocrx_word' id='word_1_233' title='bbox 1724 674 1884 719; x_wconf 88' lang='lat' dir='ltr'><strong>capitoli</strong></span> <span class='ocrx_word' id='word_1_234' title='bbox 1920 674 1990 709; x_wconf 86' lang='lat' dir='ltr'><strong>che</strong></span> 
     </span>
     <span class='ocr_line' id='line_1_46' title="bbox 1134 734 1708 781; baseline -0.003 -9"><span class='ocrx_word' id='word_1_235' title='bbox 1134 734 1485 772; x_wconf 90' lang='lat' dir='ltr'><strong>immediatamente</strong></span> <span class='ocrx_word' id='word_1_236' title='bbox 1515 744 1708 781; x_wconf 82' lang='lat' dir='ltr'><strong>seguono.</strong></span> 
     </span>
    </p>
   </div>
   <div class='ocr_carea' id='block_1_28' title="bbox 1135 848 1993 965">
    <p class='ocr_par' dir='ltr' id='par_1_28' title="bbox 1135 848 1993 965">
     <span class='ocr_line' id='line_1_47' title="bbox 1189 848 1993 912; baseline -0.006 -15"><span class='ocrx_word' id='word_1_237' title='bbox 1189 860 1263 898; x_wconf 80' lang='lat' dir='ltr'><strong>vn}</strong></span> <span class='ocrx_word' id='word_1_238' title='bbox 1290 861 1377 912; x_wconf 70' lang='lat' dir='ltr'>(nx).</span> <span class='ocrx_word' id='word_1_239' title='bbox 1414 858 1517 904; x_wconf 78' lang='lat' dir='ltr'><strong>Quei</strong></span> <span class='ocrx_word' id='word_1_240' title='bbox 1548 848 1694 905; x_wconf 75' lang='lat' dir='ltr'><strong>popolo</strong></span> <span class='ocrx_word' id='word_1_241' title='bbox 1724 858 1795 895; x_wconf 81' lang='lat' dir='ltr'><strong>che</strong></span> <span class='ocrx_word' id='word_1_242' title='bbox 1830 858 1865 893; x_wconf 84' lang='lat' dir='ltr'><strong>in</strong></span> <span class='ocrx_word' id='word_1_243' title='bbox 1895 867 1993 904; x_wconf 75' lang='lat' dir='ltr'><strong>gara</strong></span> 
     </span>
     <span class='ocr_line' id='line_1_48' title="bbox 1135 916 1991 965; baseline -0.005 -9"><span class='ocrx_word' id='word_1_244' title='bbox 1135 930 1209 956; x_wconf 86' lang='lat' dir='ltr'><strong>eon</strong></span> <span class='ocrx_word' id='word_1_245' title='bbox 1238 919 1326 956; x_wconf 83' lang='lat' dir='ltr'><strong>tutti</strong></span> <span class='ocrx_word' id='word_1_246' title='bbox 1362 918 1546 965; x_wconf 89' lang='lat' dir='ltr'><strong>prevalse</strong></span> <span class='ocrx_word' id='word_1_247' title='bbox 1581 928 1651 964; x_wconf 91' lang='lat' dir='ltr'><strong>per</strong></span> <span class='ocrx_word' id='word_1_248' title='bbox 1695 917 1718 954; x_wconf 93' lang='lat' dir='ltr'><strong>l‘</strong></span> <span class='ocrx_word' id='word_1_249' title='bbox 1736 918 1884 963; x_wconf 90' lang='lat' dir='ltr'><strong>impero</strong></span> <span class='ocrx_word' id='word_1_250' title='bbox 1929 916 1991 953; x_wconf 93' lang='lat' dir='ltr'><strong>del</strong></span> 
     </span>
    </p>
   </div>
   <div class='ocr_carea' id='block_1_29' title="bbox 1102 966 1991 1024">
    <p class='ocr_par' dir='ltr' id='par_1_29' title="bbox 1102 966 1991 1024">
     <span class='ocr_line' id='line_1_49' title="bbox 1102 966 1991 1024; baseline -0.003 -9"><span class='ocrx_word' id='word_1_251' title='bbox 1102 1002 1105 1014; x_wconf 54' lang='grc' dir='ltr'>ι</span> <span class='ocrx_word' id='word_1_252' title='bbox 1137 978 1292 1021; x_wconf 88' lang='lat' dir='ltr'><strong>mondo,</strong></span> <span class='ocrx_word' id='word_1_253' title='bbox 1322 979 1504 1024; x_wconf 88' lang='lat' dir='ltr'><strong>prevalse</strong></span> <span class='ocrx_word' id='word_1_254' title='bbox 1534 988 1604 1023; x_wconf 91' lang='lat' dir='ltr'><strong>per</strong></span> <span class='ocrx_word' id='word_1_255' title='bbox 1631 966 1805 1024; x_wconf 85' lang='lat' dir='ltr'><strong>giudizio</strong></span> <span class='ocrx_word' id='word_1_256' title='bbox 1835 976 1871 1012; x_wconf 93' lang='lat' dir='ltr'><strong>di</strong></span> <span class='ocrx_word' id='word_1_257' title='bbox 1903 976 1991 1012; x_wconf 93' lang='lat' dir='ltr'><strong>Dio.</strong></span> 
     </span>
    </p>
   </div>
   <div class='ocr_carea' id='block_1_30' title="bbox 1136 1035 2005 1141">
    <p class='ocr_par' dir='ltr' id='par_1_30' title="bbox 1136 1035 2005 1141">
     <span class='ocr_line' id='line_1_50' title="bbox 1136 1035 1994 1074; baseline -0.003 0"><span class='ocrx_word' id='word_1_258' title='bbox 1136 1037 1263 1074; x_wconf 79' lang='lat' dir='ltr'><strong>Infatti</strong></span> <span class='ocrx_word' id='word_1_259' title='bbox 1283 1037 1425 1074; x_wconf 88' lang='lat' dir='ltr'><strong>stando</strong></span> <span class='ocrx_word' id='word_1_260' title='bbox 1455 1047 1478 1074; x_wconf 90' lang='lat' dir='ltr'><strong>a</strong></span> <span class='ocrx_word' id='word_1_261' title='bbox 1507 1048 1627 1074; x_wconf 89' lang='lat' dir='ltr'><strong>cuore</strong></span> <span class='ocrx_word' id='word_1_262' title='bbox 1662 1048 1685 1073; x_wconf 89' lang='lat' dir='ltr'><strong>a</strong></span> <span class='ocrx_word' id='word_1_263' title='bbox 1717 1036 1793 1073; x_wconf 92' lang='lat' dir='ltr'><strong>Dio</strong></span> <span class='ocrx_word' id='word_1_264' title='bbox 1824 1037 1860 1072; x_wconf 88' lang='lat' dir='ltr'><strong>la</strong></span> <span class='ocrx_word' id='word_1_265' title='bbox 1890 1035 1994 1071; x_wconf 90' lang='lat' dir='ltr'><strong>deci-</strong></span> 
     </span>
     <span class='ocr_line' id='line_1_51' title="bbox 1136 1092 2005 1141; baseline -0.003 -7"><span class='ocrx_word' id='word_1_266' title='bbox 1136 1097 1248 1134; x_wconf 83' lang='lat' dir='ltr'><strong>sione</strong></span> <span class='ocrx_word' id='word_1_267' title='bbox 1277 1097 1382 1134; x_wconf 89' lang='lat' dir='ltr'><strong>della</strong></span> <span class='ocrx_word' id='word_1_268' title='bbox 1410 1098 1575 1133; x_wconf 86' lang='lat' dir='ltr'><strong>contesa</strong></span> <span class='ocrx_word' id='word_1_269' title='bbox 1601 1096 1925 1141; x_wconf 65' lang='lat' dir='ltr'><strong>universale-piu</strong></span> <span class='ocrx_word' id='word_1_270' title='bbox 1955 1092 2005 1132; x_wconf 71' lang='lat' dir='ltr'><strong>di&#39;</strong></span> 
     </span>
    </p>
   </div>
   <div class='ocr_carea' id='block_1_31' title="bbox 208 1152 1994 1250">
    <p class='ocr_par' dir='ltr' id='par_1_31' title="bbox 208 1152 1994 1250">
     <span class='ocr_line' id='line_1_52' title="bbox 1104 1152 1994 1203; baseline -0.003 -10"><span class='ocrx_word' id='word_1_271' title='bbox 1104 1192 1105 1200; x_wconf 65' lang='grc'>,</span> <span class='ocrx_word' id='word_1_272' title='bbox 1136 1157 1267 1203; x_wconf 90' lang='lat' dir='ltr'><strong>quella</strong></span> <span class='ocrx_word' id='word_1_273' title='bbox 1294 1157 1542 1203; x_wconf 87' lang='lat' dir='ltr'><strong>particolare,</strong></span> <span class='ocrx_word' id='word_1_274' title='bbox 1563 1152 1594 1192; x_wconf 47' lang='lat' dir='ltr'><strong>‘e</strong></span> <span class='ocrx_word' id='word_1_275' title='bbox 1623 1154 1875 1193; x_wconf 89' lang='lat' dir='ltr'><strong>chiedendosi</strong></span> <span class='ocrx_word' id='word_1_276' title='bbox 1891 1155 1994 1191; x_wconf 92' lang='lat' dir='ltr'><strong>nelle</strong></span> 
     </span>
     <span class='ocr_line' id='line_1_53' title="bbox 208 1201 1106 1250; baseline 0.002 -11"><span class='ocrx_word' id='word_1_277' title='bbox 208 1202 375 1239; x_wconf 85' lang='lat' dir='ltr'><strong>versalis</strong></span> <span class='ocrx_word' id='word_1_278' title='bbox 403 1203 512 1250; x_wconf 89' lang='lat' dir='ltr'><strong>litigii</strong></span> <span class='ocrx_word' id='word_1_279' title='bbox 549 1204 674 1250; x_wconf 83' lang='lat' dir='ltr'><strong>magis</strong></span> <span class='ocrx_word' id='word_1_280' title='bbox 716 1204 804 1250; x_wconf 84' lang='lat' dir='ltr'><strong>Deo</strong></span> <span class='ocrx_word' id='word_1_281' title='bbox 846 1205 897 1241; x_wconf 86' lang='lat' dir='ltr'><strong>sit</strong></span> <span class='ocrx_word' id='word_1_282' title='bbox 939 1215 1056 1241; x_wconf 87' lang='lat' dir='ltr'><strong>curae</strong></span> <span class='ocrx_word' id='word_1_283' title='bbox 1103 1201 1106 1224; x_wconf 47' lang='grc'><strong>1</strong></span> 
     </span>
    </p>
   </div>
   <div class='ocr_carea' id='block_1_32' title="bbox 209 1265 1066 1315">
    <p class='ocr_par' dir='ltr' id='par_1_32' title="bbox 209 1265 1066 1315">
     <span class='ocr_line' id='line_1_54' title="bbox 209 1265 1066 1315; baseline 0.004 -12"><span class='ocrx_word' id='word_1_284' title='bbox 209 1276 322 1313; x_wconf 85' lang='lat' dir='ltr'><strong>quam</strong></span> <span class='ocrx_word' id='word_1_285' title='bbox 341 1265 546 1313; x_wconf 87' lang='lat' dir='ltr'><strong>diremptio</strong></span> <span class='ocrx_word' id='word_1_286' title='bbox 566 1269 810 1314; x_wconf 84' lang='lat' dir='ltr'><strong>particularis</strong></span> <span class='ocrx_word' id='word_1_287' title='bbox 826 1280 834 1313; x_wconf 91' lang='lat'>;</span> <span class='ocrx_word' id='word_1_288' title='bbox 864 1271 905 1306; x_wconf 91' lang='lat' dir='ltr'><strong>et</strong></span> <span class='ocrx_word' id='word_1_289' title='bbox 924 1269 961 1306; x_wconf 88' lang='lat' dir='ltr'><strong>in</strong></span> <span class='ocrx_word' id='word_1_290' title='bbox 978 1280 1066 1315; x_wconf 90' lang='lat' dir='ltr'><strong>par-</strong></span> 
     </span>
    </p>
   </div>
   <div class='ocr_carea' id='block_1_33' title="bbox 1136 1214 1994 1385">
    <p class='ocr_par' dir='ltr' id='par_1_33' title="bbox 1136 1214 1994 1385">
     <span class='ocr_line' id='line_1_55' title="bbox 1137 1214 1994 1262; baseline -0.004 -10"><span class='ocrx_word' id='word_1_291' title='bbox 1137 1216 1359 1262; x_wconf 86' lang='lat' dir='ltr'><strong>particolari</strong></span> <span class='ocrx_word' id='word_1_292' title='bbox 1389 1226 1459 1262; x_wconf 91' lang='lat' dir='ltr'><strong>per</strong></span> <span class='ocrx_word' id='word_1_293' title='bbox 1485 1226 1619 1252; x_wconf 91' lang='lat' dir='ltr'><strong>mezzo</strong></span> <span class='ocrx_word' id='word_1_294' title='bbox 1649 1215 1689 1252; x_wconf 77' lang='lat' dir='ltr'><strong>di</strong></span> <span class='ocrx_word' id='word_1_295' title='bbox 1716 1215 1825 1252; x_wconf 89' lang='lat' dir='ltr'><strong>atleti</strong></span> <span class='ocrx_word' id='word_1_296' title='bbox 1855 1215 1878 1250; x_wconf 94' lang='lat' dir='ltr'><strong>il</strong></span> <span class='ocrx_word' id='word_1_297' title='bbox 1913 1214 1994 1261; x_wconf 85' lang='lat' dir='ltr'><strong>giu-</strong></span> 
     </span>
     <span class='ocr_line' id='line_1_56' title="bbox 1137 1279 1992 1329; baseline -0.002 -11"><span class='ocrx_word' id='word_1_298' title='bbox 1137 1281 1238 1318; x_wconf 87' lang='lat' dir='ltr'><strong>dizio</strong></span> <span class='ocrx_word' id='word_1_299' title='bbox 1254 1281 1291 1317; x_wconf 91' lang='lat' dir='ltr'><strong>di</strong></span> <span class='ocrx_word' id='word_1_300' title='bbox 1308 1281 1396 1324; x_wconf 89' lang='lat' dir='ltr'><strong>Dio,</strong></span> <span class='ocrx_word' id='word_1_301' title='bbox 1407 1281 1539 1329; x_wconf 84' lang='lat' dir='ltr'><strong>giusta</strong></span> <span class='ocrx_word' id='word_1_302' title='bbox 1554 1281 1642 1327; x_wconf 89' lang='lat' dir='ltr'><strong>quel</strong></span> <span class='ocrx_word' id='word_1_303' title='bbox 1659 1281 1751 1317; x_wconf 92' lang='lat' dir='ltr'><strong>trito</strong></span> <span class='ocrx_word' id='word_1_304' title='bbox 1769 1279 1992 1326; x_wconf 88' lang='lat' dir='ltr'><strong>proverbio:</strong></span> 
     </span>
     <span class='ocr_line' id='line_1_57' title="bbox 1136 1346 1991 1385; baseline -0.004 -1"><span class='ocrx_word' id='word_1_305' title='bbox 1136 1348 1164 1384; x_wconf 85' lang='grc' dir='ltr'><em>Α</em></span> <span class='ocrx_word' id='word_1_306' title='bbox 1198 1347 1264 1384; x_wconf 78' lang='lat' dir='ltr'><strong>chi</strong></span> <span class='ocrx_word' id='word_1_307' title='bbox 1288 1347 1364 1385; x_wconf 86' lang='lat' dir='ltr'><strong>Dio</strong></span> <span class='ocrx_word' id='word_1_308' title='bbox 1393 1347 1568 1384; x_wconf 79' lang='lat' dir='ltr'><strong>concede</strong></span> <span class='ocrx_word' id='word_1_309' title='bbox 1605 1347 1646 1383; x_wconf 83' lang='lat' dir='ltr'><strong>Ia</strong></span> <span class='ocrx_word' id='word_1_310' title='bbox 1675 1346 1837 1383; x_wconf 82' lang='lat' dir='ltr'><strong>vittoria.</strong></span> <span class='ocrx_word' id='word_1_311' title='bbox 1875 1346 1991 1382; x_wconf 82' lang='lat' dir='ltr'><strong>hene-</strong></span> 
     </span>
    </p>
   </div>
   <div class='ocr_carea' id='block_1_34' title="bbox 1132 1467 2030 1810">
    <p class='ocr_par' dir='ltr' id='par_1_34' title="bbox 1132 1467 2030 1810">
     <span class='ocr_line' id='line_1_58' title="bbox 1136 1467 2019 1518; baseline -0.005 -10"><span class='ocrx_word' id='word_1_312' title='bbox 1136 1472 1207 1509; x_wconf 85' lang='lat' dir='ltr'><strong>che</strong></span> <span class='ocrx_word' id='word_1_313' title='bbox 1236 1472 1275 1508; x_wconf 95' lang='lat' dir='ltr'><strong>la</strong></span> <span class='ocrx_word' id='word_1_314' title='bbox 1302 1472 1541 1518; x_wconf 89' lang='lat' dir='ltr'><strong>prevalenza</strong></span> <span class='ocrx_word' id='word_1_315' title='bbox 1569 1470 1630 1508; x_wconf 80' lang='lat' dir='ltr'><strong>fra</strong></span> <span class='ocrx_word' id='word_1_316' title='bbox 1649 1471 1702 1518; x_wconf 90' lang='lat' dir='ltr'><strong>gli</strong></span> <span class='ocrx_word' id='word_1_317' title='bbox 1723 1471 1831 1507; x_wconf 89' lang='lat' dir='ltr'><strong>atleti</strong></span> <span class='ocrx_word' id='word_1_318' title='bbox 1853 1480 1993 1517; x_wconf 86' lang='lat' dir='ltr'><strong>gareg-</strong></span> <span class='ocrx_word' id='word_1_319' title='bbox 2014 1467 2019 1503; x_wconf 79' lang='lat' dir='ltr'>J</span> 
     </span>
     <span class='ocr_line' id='line_1_59' title="bbox 1132 1529 2027 1578; baseline -0.003 -10"><span class='ocrx_word' id='word_1_320' title='bbox 1132 1532 1257 1578; x_wconf 82' lang='lat' dir='ltr'><strong>gianti</strong></span> <span class='ocrx_word' id='word_1_321' title='bbox 1286 1542 1357 1577; x_wconf 91' lang='lat' dir='ltr'><strong>per</strong></span> <span class='ocrx_word' id='word_1_322' title='bbox 1398 1531 1422 1568; x_wconf 92' lang='lat' dir='ltr'><strong>l&#39;</strong></span> <span class='ocrx_word' id='word_1_323' title='bbox 1438 1531 1586 1578; x_wconf 88' lang='lat' dir='ltr'><strong>impero</strong></span> <span class='ocrx_word' id='word_1_324' title='bbox 1616 1530 1678 1566; x_wconf 92' lang='lat' dir='ltr'><strong>del</strong></span> <span class='ocrx_word' id='word_1_325' title='bbox 1709 1529 1863 1571; x_wconf 85' lang='lat' dir='ltr'><strong>mondo,</strong></span> <span class='ocrx_word' id='word_1_326' title='bbox 1914 1539 1992 1565; x_wconf 90' lang='lat' dir='ltr'><strong>non</strong></span> <span class='ocrx_word' id='word_1_327' title='bbox 2020 1535 2027 1573; x_wconf 67' lang='grc' dir='ltr'>ζ</span> 
     </span>
     <span class='ocr_line' id='line_1_60' title="bbox 1136 1581 2030 1637; baseline -0.004 -10"><span class='ocrx_word' id='word_1_328' title='bbox 1136 1591 1195 1627; x_wconf 86' lang='lat' dir='ltr'><strong>sia</strong></span> <span class='ocrx_word' id='word_1_329' title='bbox 1214 1593 1413 1627; x_wconf 88' lang='lat' dir='ltr'><strong>avvenuta</strong></span> <span class='ocrx_word' id='word_1_330' title='bbox 1442 1601 1511 1636; x_wconf 91' lang='lat' dir='ltr'><strong>per</strong></span> <span class='ocrx_word' id='word_1_331' title='bbox 1539 1590 1710 1637; x_wconf 88' lang='lat' dir='ltr'><strong>giudizio</strong></span> <span class='ocrx_word' id='word_1_332' title='bbox 1741 1589 1829 1626; x_wconf 90' lang='lat' dir='ltr'><strong>Dio.</strong></span> <span class='ocrx_word' id='word_1_333' title='bbox 1859 1588 1884 1624; x_wconf 91' lang='lat' dir='ltr'><strong>Il</strong></span> <span class='ocrx_word' id='word_1_334' title='bbox 1915 1588 1990 1625; x_wconf 88' lang='lat' dir='ltr'><strong>Po·</strong></span> <span class='ocrx_word' id='word_1_335' title='bbox 2024 1581 2030 1622; x_wconf 72' lang='grc' dir='ltr'><em>ἶ</em></span> 
     </span>
     <span class='ocr_line' id='line_1_61' title="bbox 1136 1649 2022 1697; baseline -0.002 -11"><span class='ocrx_word' id='word_1_336' title='bbox 1136 1650 1228 1696; x_wconf 90' lang='lat' dir='ltr'><strong>polo</strong></span> <span class='ocrx_word' id='word_1_337' title='bbox 1258 1650 1434 1687; x_wconf 84' lang='lat' dir='ltr'><strong>Romano</strong></span> <span class='ocrx_word' id='word_1_338' title='bbox 1464 1650 1500 1686; x_wconf 92' lang='lat' dir='ltr'><strong>in</strong></span> <span class='ocrx_word' id='word_1_339' title='bbox 1529 1659 1627 1697; x_wconf 88' lang='lat' dir='ltr'><strong>gara</strong></span> <span class='ocrx_word' id='word_1_340' title='bbox 1673 1660 1747 1686; x_wconf 89' lang='lat' dir='ltr'><strong>con</strong></span> <span class='ocrx_word' id='word_1_341' title='bbox 1790 1649 1878 1685; x_wconf 90' lang='lat' dir='ltr'><strong>tutti</strong></span> <span class='ocrx_word' id='word_1_342' title='bbox 1921 1658 2022 1694; x_wconf 50' lang='lat' dir='ltr'><strong>per-⁶</strong></span> 
     </span>
     <span class='ocr_line' id='line_1_62' title="bbox 1135 1702 1992 1756; baseline -0.002 -10"><span class='ocrx_word' id='word_1_343' title='bbox 1135 1708 1159 1746; x_wconf 93' lang='lat' dir='ltr'><strong>l&#39;</strong></span> <span class='ocrx_word' id='word_1_344' title='bbox 1175 1710 1323 1756; x_wconf 88' lang='lat' dir='ltr'><strong>impero</strong></span> <span class='ocrx_word' id='word_1_345' title='bbox 1353 1709 1415 1746; x_wconf 93' lang='lat' dir='ltr'><strong>del</strong></span> <span class='ocrx_word' id='word_1_346' title='bbox 1446 1709 1600 1754; x_wconf 84' lang='lat' dir='ltr'><strong>mondo,</strong></span> <span class='ocrx_word' id='word_1_347' title='bbox 1632 1709 1815 1754; x_wconf 86' lang='lat' dir='ltr'><strong>prevalse</strong></span> <span class='ocrx_word' id='word_1_348' title='bbox 1834 1719 1843 1751; x_wconf 93' lang='lat'>;</span> <span class='ocrx_word' id='word_1_349' title='bbox 1863 1702 1918 1744; x_wconf 36' lang='lat' dir='ltr'><strong>vse*</strong></span> <span class='ocrx_word' id='word_1_350' title='bbox 1954 1708 1992 1744; x_wconf 90' lang='lat' dir='ltr'><strong>la</strong></span> 
     </span>
     <span class='ocr_line' id='line_1_63' title="bbox 1135 1767 1990 1810; baseline -0.005 -4"><span class='ocrx_word' id='word_1_351' title='bbox 1135 1779 1230 1806; x_wconf 87' lang='lat' dir='ltr'><strong>cosa</strong></span> <span class='ocrx_word' id='word_1_352' title='bbox 1258 1770 1350 1805; x_wconf 76' lang='lat' dir='ltr'><strong>sara</strong></span> <span class='ocrx_word' id='word_1_353' title='bbox 1378 1767 1598 1810; x_wconf 86' lang='lat' dir='ltr'><strong>manifesta,</strong></span> <span class='ocrx_word' id='word_1_354' title='bbox 1627 1779 1671 1805; x_wconf 90' lang='lat' dir='ltr'><strong>se</strong></span> <span class='ocrx_word' id='word_1_355' title='bbox 1688 1768 1720 1804; x_wconf 89' lang='lat' dir='ltr'><strong>si</strong></span> <span class='ocrx_word' id='word_1_356' title='bbox 1737 1767 1990 1804; x_wconf 86' lang='lat' dir='ltr'><strong>considerino</strong></span> 
     </span>
    </p>
   </div>
   <div class='ocr_carea' id='block_1_35' title="bbox 1100 1827 2053 1935">
    <p class='ocr_par' dir='ltr' id='par_1_35' title="bbox 1100 1827 2053 1935">
     <span class='ocr_line' id='line_1_64' title="bbox 1101 1827 2053 1875; baseline -0.001 -11"><span class='ocrx_word' id='word_1_357' title='bbox 1101 1827 1102 1870; x_wconf 62' lang='grc' dir='ltr'>ξ</span> <span class='ocrx_word' id='word_1_358' title='bbox 1133 1828 1187 1875; x_wconf 87' lang='lat' dir='ltr'><strong>gli</strong></span> <span class='ocrx_word' id='word_1_359' title='bbox 1217 1828 1338 1871; x_wconf 83' lang='lat' dir='ltr'><strong>atIeti,</strong></span> <span class='ocrx_word' id='word_1_360' title='bbox 1368 1839 1389 1864; x_wconf 92' lang='lat' dir='ltr'><strong>e</strong></span> <span class='ocrx_word' id='word_1_361' title='bbox 1415 1828 1446 1865; x_wconf 83' lang='lat' dir='ltr'><strong>si</strong></span> <span class='ocrx_word' id='word_1_362' title='bbox 1476 1827 1669 1864; x_wconf 87' lang='lat' dir='ltr'><strong>consideri</strong></span> <span class='ocrx_word' id='word_1_363' title='bbox 1700 1827 1764 1873; x_wconf 92' lang='lat' dir='ltr'><strong>poi</strong></span> <span class='ocrx_word' id='word_1_364' title='bbox 1781 1827 1803 1863; x_wconf 87' lang='lat' dir='ltr'><strong>il</strong></span> <span class='ocrx_word' id='word_1_365' title='bbox 1825 1837 1993 1873; x_wconf 89' lang='lat' dir='ltr'><strong>segnoo</strong></span> <span class='ocrx_word' id='word_1_366' title='bbox 2051 1843 2053 1846; x_wconf 50' lang='lat'><em>⁴</em></span> 
     </span>
     <span class='ocr_line' id='line_1_65' title="bbox 1100 1886 1990 1935; baseline -0.001 -12"><span class='ocrx_word' id='word_1_367' title='bbox 1100 1891 1102 1923; x_wconf 72' lang='grc'><strong>1</strong></span> <span class='ocrx_word' id='word_1_368' title='bbox 1134 1886 1172 1924; x_wconf 86' lang='grc'><strong>13</strong></span> <span class='ocrx_word' id='word_1_369' title='bbox 1200 1890 1316 1925; x_wconf 87' lang='lat' dir='ltr'><strong>meta:</strong></span> <span class='ocrx_word' id='word_1_370' title='bbox 1346 1887 1369 1924; x_wconf 92' lang='lat' dir='ltr'><strong>ll</strong></span> <span class='ocrx_word' id='word_1_371' title='bbox 1399 1897 1526 1935; x_wconf 86' lang='lat' dir='ltr'><strong>segno</strong></span> <span class='ocrx_word' id='word_1_372' title='bbox 1556 1898 1580 1924; x_wconf 93' lang='lat' dir='ltr'><strong>o</strong></span> <span class='ocrx_word' id='word_1_373' title='bbox 1610 1888 1648 1923; x_wconf 89' lang='lat' dir='ltr'><strong>la</strong></span> <span class='ocrx_word' id='word_1_374' title='bbox 1678 1886 1837 1923; x_wconf 84' lang='lat' dir='ltr'><strong>metatu</strong></span> <span class='ocrx_word' id='word_1_375' title='bbox 1854 1886 1890 1922; x_wconf 90' lang='lat' dir='ltr'><strong>di</strong></span> <span class='ocrx_word' id='word_1_376' title='bbox 1909 1886 1990 1922; x_wconf 89' lang='lat' dir='ltr'><strong>det-</strong></span> 
     </span>
    </p>
   </div>
   <div class='ocr_carea' id='block_1_36' title="bbox 1134 1946 1992 1995">
    <p class='ocr_par' dir='ltr' id='par_1_36' title="bbox 1134 1946 1992 1995">
     <span class='ocr_line' id='line_1_66' title="bbox 1134 1946 1992 1995; baseline -0.002 -12"><span class='ocrx_word' id='word_1_377' title='bbox 1134 1949 1195 1983; x_wconf 91' lang='lat' dir='ltr'><strong>tar</strong></span> <span class='ocrx_word' id='word_1_378' title='bbox 1224 1948 1341 1995; x_wconf 85' lang='lat' dir='ltr'><strong>legge</strong></span> <span class='ocrx_word' id='word_1_379' title='bbox 1372 1958 1394 1983; x_wconf 88' lang='lat' dir='ltr'><strong>a</strong></span> <span class='ocrx_word' id='word_1_380' title='bbox 1423 1947 1511 1984; x_wconf 87' lang='lat' dir='ltr'><strong>tutti</strong></span> <span class='ocrx_word' id='word_1_381' title='bbox 1542 1947 1550 1982; x_wconf 91' lang='lat' dir='ltr'><strong>i</strong></span> <span class='ocrx_word' id='word_1_382' title='bbox 1582 1947 1746 1988; x_wconf 87' lang='lat' dir='ltr'><strong>mortali,</strong></span> <span class='ocrx_word' id='word_1_383' title='bbox 1778 1946 1813 1982; x_wconf 89' lang='lat' dir='ltr'><strong>in</strong></span> <span class='ocrx_word' id='word_1_384' title='bbox 1836 1957 1911 1982; x_wconf 88' lang='lat' dir='ltr'><strong>una</strong></span> <span class='ocrx_word' id='word_1_385' title='bbox 1928 1956 1992 1992; x_wconf 90' lang='lat' dir='ltr'><strong>pa-</strong></span> 
     </span>
    </p>
   </div>
   <div class='ocr_carea' id='block_1_37' title="bbox 1198 2013 1216 2026">
    <p class='ocr_par' dir='ltr' id='par_1_37' title="bbox 1198 2013 1216 2026">
     <span class='ocr_line' id='line_1_67' title="bbox 1198 2013 1216 2026; baseline 0 0"><span class='ocrx_word' id='word_1_386' title='bbox 1198 2013 1216 2026; x_wconf 57' lang='lat' dir='ltr'>Q</span> 
     </span>
    </p>
   </div>
   <div class='ocr_carea' id='block_1_38' title="bbox 307 2147 1996 2199">
    <p class='ocr_par' dir='ltr' id='par_1_38' title="bbox 307 2147 1996 2199">
     <span class='ocr_line' id='line_1_68' title="bbox 307 2147 1996 2199; baseline 0.002 -13"><span class='ocrx_word' id='word_1_387' title='bbox 307 2148 384 2186; x_wconf 84' lang='lat' dir='ltr'><strong>Cm‘</strong></span> <span class='ocrx_word' id='word_1_388' title='bbox 404 2149 514 2190; x_wconf 74' lang='lat' dir='ltr'><strong>Deus</strong></span> <span class='ocrx_word' id='word_1_389' title='bbox 541 2151 779 2190; x_wconf 56' lang='lat' dir='ltr'><strong>comedin...</strong></span> <span class='ocrx_word' id='word_1_390' title='bbox 809 2157 927 2189; x_wconf 80' lang='lat' dir='ltr'><strong>Dante</strong></span> <span class='ocrx_word' id='word_1_391' title='bbox 956 2158 991 2189; x_wconf 92' lang='lat' dir='ltr'><strong>lo</strong></span> <span class='ocrx_word' id='word_1_392' title='bbox 1017 2158 1098 2190; x_wconf 82' lang='lat' dir='ltr'><strong>dice</strong></span> <span class='ocrx_word' id='word_1_393' title='bbox 1124 2169 1172 2190; x_wconf 89' lang='lat' dir='ltr'><strong>un</strong></span> <span class='ocrx_word' id='word_1_394' title='bbox 1198 2160 1394 2199; x_wconf 82' lang='lat' dir='ltr'><strong>proverbio</strong></span> <span class='ocrx_word' id='word_1_395' title='bbox 1420 2169 1584 2194; x_wconf 78' lang='lat' dir='ltr'><strong>comune.</strong></span> <span class='ocrx_word' id='word_1_396' title='bbox 1612 2170 1671 2191; x_wconf 81' lang='lat' dir='ltr'><strong>ma.</strong></span> <span class='ocrx_word' id='word_1_397' title='bbox 1709 2147 1824 2191; x_wconf 72' lang='lat' dir='ltr'><strong>tiuora</strong></span> <span class='ocrx_word' id='word_1_398' title='bbox 1853 2160 1860 2190; x_wconf 80' lang='lat' dir='ltr'><strong>i</strong></span> <span class='ocrx_word' id='word_1_399' title='bbox 1901 2170 1996 2191; x_wconf 63' lang='lat' dir='ltr'><strong>eoni-&gt;</strong></span> 
     </span>
    </p>
   </div>
   <div class='ocr_carea' id='block_1_39' title="bbox 305 2287 1058 2336">
    <p class='ocr_par' dir='ltr' id='par_1_39' title="bbox 305 2287 1058 2336">
     <span class='ocr_line' id='line_1_69' title="bbox 305 2287 1058 2336; baseline 0.009 -10"><span class='ocrx_word' id='word_1_400' title='bbox 305 2288 458 2328; x_wconf 70' lang='lat' dir='ltr'><strong>edisce</strong></span> <span class='ocrx_word' id='word_1_401' title='bbox 467 2291 650 2336; x_wconf 63' lang='lat' dir='ltr'><strong>piatione</strong></span> <span class='ocrx_word' id='word_1_402' title='bbox 684 2293 919 2332; x_wconf 69' lang='lat' dir='ltr'><strong>athletarum</strong></span> <span class='ocrx_word' id='word_1_403' title='bbox 962 2287 1058 2333; x_wconf 53' lang='lat' dir='ltr'><strong>ek...</strong></span> 
     </span>
    </p>
   </div>
   <div class='ocr_carea' id='block_1_40' title="bbox 181 2211 1492 2265">
    <p class='ocr_par' dir='ltr' id='par_1_40' title="bbox 181 2211 1492 2265">
     <span class='ocr_line' id='line_1_70' title="bbox 181 2211 1492 2265; baseline 0.008 -25"><span class='ocrx_word' id='word_1_404' title='bbox 181 2258 184 2262; x_wconf 28' lang='lat'>¹</span> <span class='ocrx_word' id='word_1_405' title='bbox 213 2211 414 2265; x_wconf 65' lang='lat' dir='ltr'><strong>mentatori</strong></span> <span class='ocrx_word' id='word_1_406' title='bbox 440 2221 509 2243; x_wconf 89' lang='lat' dir='ltr'><strong>non</strong></span> <span class='ocrx_word' id='word_1_407' title='bbox 537 2222 625 2244; x_wconf 88' lang='lat' dir='ltr'><strong>sono</strong></span> <span class='ocrx_word' id='word_1_408' title='bbox 651 2214 796 2246; x_wconf 76' lang='lat' dir='ltr'><strong>riusoiti</strong></span> <span class='ocrx_word' id='word_1_409' title='bbox 823 2225 845 2246; x_wconf 82' lang='lat' dir='ltr'><strong>a</strong></span> <span class='ocrx_word' id='word_1_410' title='bbox 869 2217 1057 2256; x_wconf 79' lang='lat' dir='ltr'><strong>sooprirne</strong></span> <span class='ocrx_word' id='word_1_411' title='bbox 1083 2218 1117 2249; x_wconf 84' lang='lat' dir='ltr'><strong>le</strong></span> <span class='ocrx_word' id='word_1_412' title='bbox 1144 2218 1238 2250; x_wconf 78' lang='lat' dir='ltr'><strong>fonti</strong></span> <span class='ocrx_word' id='word_1_413' title='bbox 1265 2229 1283 2250; x_wconf 86' lang='lat' dir='ltr'><strong>e</strong></span> <span class='ocrx_word' id='word_1_414' title='bbox 1311 2218 1492 2259; x_wconf 83' lang='lat' dir='ltr'><strong>l&#39;origine.</strong></span> 
     </span>
    </p>
   </div>
   <div class='ocr_carea' id='block_1_41' title="bbox 1096 2297 1993 2343">
    <p class='ocr_par' dir='ltr' id='par_1_41' title="bbox 1096 2297 1993 2343">
     <span class='ocr_line' id='line_1_71' title="bbox 1096 2297 1993 2343; baseline -0.003 -7"><span class='ocrx_word' id='word_1_415' title='bbox 1096 2297 1290 2343; x_wconf 66' lang='lat' dir='ltr'><strong>pugilum.</strong></span> <span class='ocrx_word' id='word_1_416' title='bbox 1330 2302 1436 2333; x_wconf 81' lang='lat' dir='ltr'><strong>Nella</strong></span> <span class='ocrx_word' id='word_1_417' title='bbox 1450 2302 1581 2342; x_wconf 73' lang='lat' dir='ltr'><strong>prima,</strong></span> <span class='ocrx_word' id='word_1_418' title='bbox 1609 2302 1647 2333; x_wconf 85' lang='lat' dir='ltr'><strong>di</strong></span> <span class='ocrx_word' id='word_1_419' title='bbox 1662 2302 1723 2333; x_wconf 79' lang='lat' dir='ltr'><strong>cui</strong></span> <span class='ocrx_word' id='word_1_420' title='bbox 1739 2304 1855 2334; x_wconf 69' lang='lat' dir='ltr'><strong>tratta</strong></span> <span class='ocrx_word' id='word_1_421' title='bbox 1871 2302 1897 2333; x_wconf 93' lang='lat' dir='ltr'><strong>il</strong></span> <span class='ocrx_word' id='word_1_422' title='bbox 1913 2311 1993 2342; x_wconf 77' lang='lat' dir='ltr'><strong>cap.</strong></span> 
     </span>
    </p>
   </div>
   <div class='ocr_carea' id='block_1_42' title="bbox 211 2349 1992 2460">
    <p class='ocr_par' dir='ltr' id='par_1_42' title="bbox 211 2349 1992 2460">
     <span class='ocr_line' id='line_1_72' title="bbox 214 2349 1991 2403; baseline 0.006 -22"><span class='ocrx_word' id='word_1_423' title='bbox 214 2349 314 2391; x_wconf 86' lang='lat' dir='ltr'>VIII,</span> <span class='ocrx_word' id='word_1_424' title='bbox 340 2359 510 2385; x_wconf 82' lang='lat' dir='ltr'><strong>oonoorse</strong></span> <span class='ocrx_word' id='word_1_425' title='bbox 537 2355 635 2386; x_wconf 77' lang='lat' dir='ltr'><strong>tutto</strong></span> <span class='ocrx_word' id='word_1_426' title='bbox 662 2355 687 2387; x_wconf 90' lang='lat' dir='ltr'><strong>il</strong></span> <span class='ocrx_word' id='word_1_427' title='bbox 714 2357 846 2396; x_wconf 87' lang='lat' dir='ltr'><strong>popolo</strong></span> <span class='ocrx_word' id='word_1_428' title='bbox 873 2367 1034 2397; x_wconf 79' lang='lat' dir='ltr'><strong>romano,</strong></span> <span class='ocrx_word' id='word_1_429' title='bbox 1062 2360 1160 2391; x_wconf 79' lang='lat' dir='ltr'><strong>nella.</strong></span> <span class='ocrx_word' id='word_1_430' title='bbox 1185 2360 1354 2403; x_wconf 82' lang='lat' dir='ltr'><strong>seoonda,</strong></span> <span class='ocrx_word' id='word_1_431' title='bbox 1374 2361 1413 2392; x_wconf 80' lang='lat' dir='ltr'><strong>(li</strong></span> <span class='ocrx_word' id='word_1_432' title='bbox 1439 2361 1498 2392; x_wconf 88' lang='lat' dir='ltr'><strong>oui</strong></span> <span class='ocrx_word' id='word_1_433' title='bbox 1519 2361 1799 2393; x_wconf 71' lang='lat' dir='ltr'><strong>sidisoorrenel</strong></span> <span class='ocrx_word' id='word_1_434' title='bbox 1820 2371 1908 2401; x_wconf 16' lang='lat' dir='ltr'><strong>neap.</strong></span> <span class='ocrx_word' id='word_1_435' title='bbox 1928 2361 1991 2402; x_wconf 76' lang='lat' dir='ltr'><strong>lx,</strong></span> 
     </span>
     <span class='ocr_line' id='line_1_73' title="bbox 211 2409 1992 2460; baseline 0.006 -20"><span class='ocrx_word' id='word_1_436' title='bbox 211 2409 243 2441; x_wconf 79' lang='lat' dir='ltr'><strong>si</strong></span> <span class='ocrx_word' id='word_1_437' title='bbox 269 2410 510 2451; x_wconf 33' lang='lat' dir='ltr'><strong>segnalavrono</strong></span> <span class='ocrx_word' id='word_1_438' title='bbox 535 2413 687 2453; x_wconf 64' lang='lat' dir='ltr'><strong>gloriosi</strong></span> <span class='ocrx_word' id='word_1_439' title='bbox 714 2415 898 2455; x_wconf 79' lang='lat' dir='ltr'><strong>campioni</strong></span> <span class='ocrx_word' id='word_1_440' title='bbox 925 2417 972 2447; x_wconf 73' lang='lat' dir='ltr'><strong>da</strong></span> <span class='ocrx_word' id='word_1_441' title='bbox 997 2417 1108 2456; x_wconf 83' lang='lat' dir='ltr'><strong>Enea,</strong></span> <span class='ocrx_word' id='word_1_442' title='bbox 1134 2412 1316 2450; x_wconf 70' lang='lat' dir='ltr'><strong>vinoltore</strong></span> <span class='ocrx_word' id='word_1_443' title='bbox 1342 2419 1379 2450; x_wconf 80' lang='lat' dir='ltr'><strong>di</strong></span> <span class='ocrx_word' id='word_1_444' title='bbox 1406 2419 1540 2459; x_wconf 85' lang='lat' dir='ltr'><strong>Turno,</strong></span> <span class='ocrx_word' id='word_1_445' title='bbox 1559 2430 1580 2451; x_wconf 79' lang='lat' dir='ltr'><strong>a</strong></span> <span class='ocrx_word' id='word_1_446' title='bbox 1607 2419 1791 2460; x_wconf 77' lang='lat' dir='ltr'><strong>Scipione,</strong></span> <span class='ocrx_word' id='word_1_447' title='bbox 1810 2420 1992 2451; x_wconf 61' lang='lat' dir='ltr'><strong>vinc-itote</strong></span> 
     </span>
    </p>
   </div>
   <div class='ocr_carea' id='block_1_43' title="bbox 212 2468 471 2502">
    <p class='ocr_par' dir='ltr' id='par_1_43' title="bbox 212 2468 471 2502">
     <span class='ocr_line' id='line_1_74' title="bbox 212 2468 471 2502; baseline 0.012 -3"><span class='ocrx_word' id='word_1_448' title='bbox 212 2468 250 2500; x_wconf 83' lang='lat' dir='ltr'><strong>di</strong></span> <span class='ocrx_word' id='word_1_449' title='bbox 276 2469 471 2502; x_wconf 81' lang='lat' dir='ltr'><strong>Annibale.</strong></span> 
     </span>
    </p>
   </div>
   <div class='ocr_carea' id='block_1_44' title="bbox 210 2551 1993 2726">
    <p class='ocr_par' dir='ltr' id='par_1_44' title="bbox 210 2551 1993 2726">
     <span class='ocr_line' id='line_1_75' title="bbox 308 2551 1992 2602; baseline 0.006 -19"><span class='ocrx_word' id='word_1_450' title='bbox 308 2551 379 2584; x_wconf 81' lang='lat' dir='ltr'><strong>Vll!</strong></span> <span class='ocrx_word' id='word_1_451' title='bbox 406 2553 482 2595; x_wconf 85' lang='lat' dir='ltr'><strong>(lx)</strong></span> <span class='ocrx_word' id='word_1_452' title='bbox 506 2551 666 2590; x_wconf 60' lang='lat' dir='ltr'><strong>cunctis</strong></span> <span class='ocrx_word' id='word_1_453' title='bbox 690 2553 1049 2596; x_wconf 66' lang='lat' dir='ltr'><strong>afhlefl&#39;zanffl’bus:</strong></span> <span class='ocrx_word' id='word_1_454' title='bbox 1072 2560 1118 2592; x_wconf 81' lang='lat' dir='ltr'><strong>Di</strong></span> <span class='ocrx_word' id='word_1_455' title='bbox 1144 2564 1286 2601; x_wconf 79' lang='lat' dir='ltr'><strong>questa</strong></span> <span class='ocrx_word' id='word_1_456' title='bbox 1312 2571 1401 2602; x_wconf 73' lang='lat' dir='ltr'><strong>gara</strong></span> <span class='ocrx_word' id='word_1_457' title='bbox 1427 2571 1490 2601; x_wconf 87' lang='lat' dir='ltr'><strong>per</strong></span> <span class='ocrx_word' id='word_1_458' title='bbox 1517 2562 1543 2593; x_wconf 87' lang='lat' dir='ltr'><strong>il</strong></span> <span class='ocrx_word' id='word_1_459' title='bbox 1571 2572 1739 2602; x_wconf 73' lang='lat' dir='ltr'><strong>supremo</strong></span> <span class='ocrx_word' id='word_1_460' title='bbox 1771 2563 1908 2602; x_wconf 69' lang='lat' dir='ltr'><strong>impero</strong></span> <span class='ocrx_word' id='word_1_461' title='bbox 1934 2562 1992 2593; x_wconf 79' lang='lat' dir='ltr'><strong>del</strong></span> 
     </span>
     <span class='ocr_line' id='line_1_76' title="bbox 211 2611 1993 2661; baseline 0.006 -20"><span class='ocrx_word' id='word_1_462' title='bbox 211 2611 342 2642; x_wconf 86' lang='lat' dir='ltr'><strong>mondo</strong></span> <span class='ocrx_word' id='word_1_463' title='bbox 367 2611 403 2643; x_wconf 81' lang='lat' dir='ltr'><strong>si·</strong></span> <span class='ocrx_word' id='word_1_464' title='bbox 424 2621 611 2653; x_wconf 82' lang='lat' dir='ltr'><strong>oooupano</strong></span> <span class='ocrx_word' id='word_1_465' title='bbox 651 2614 687 2646; x_wconf 89' lang='lat' dir='ltr'><strong>S.</strong></span> <span class='ocrx_word' id='word_1_466' title='bbox 715 2615 881 2657; x_wconf 75' lang='lat' dir='ltr'><strong>Tomaso,</strong></span> <span class='ocrx_word' id='word_1_467' title='bbox 919 2617 1053 2658; x_wconf 76' lang='lat' dir='ltr'><strong>Egislio</strong></span> <span class='ocrx_word' id='word_1_468' title='bbox 1079 2619 1242 2652; x_wconf 79' lang='lat' dir='ltr'><strong>Romano</strong></span> <span class='ocrx_word' id='word_1_469' title='bbox 1279 2621 1322 2651; x_wconf 81' lang='lat' dir='ltr'><strong>ed</strong></span> <span class='ocrx_word' id='word_1_470' title='bbox 1368 2620 1467 2661; x_wconf 75' lang='lat' dir='ltr'><strong>altri,</strong></span> <span class='ocrx_word' id='word_1_471' title='bbox 1511 2621 1605 2652; x_wconf 74' lang='lat' dir='ltr'><strong>sulle</strong></span> <span class='ocrx_word' id='word_1_472' title='bbox 1647 2631 1745 2652; x_wconf 78' lang='lat' dir='ltr'><strong>orme</strong></span> <span class='ocrx_word' id='word_1_473' title='bbox 1783 2621 1840 2652; x_wconf 66' lang='lat' dir='ltr'><strong>(lei</strong></span> <span class='ocrx_word' id='word_1_474' title='bbox 1881 2621 1993 2652; x_wconf 63' lang='grc' dir='ltr'><strong>τοῖοι-ἰ</strong></span> 
     </span>
     <span class='ocr_line' id='line_1_77' title="bbox 210 2669 1418 2726; baseline 0.009 -26"><span class='ocrx_word' id='word_1_475' title='bbox 210 2670 309 2710; x_wconf 75' lang='lat' dir='ltr'><strong>greci</strong></span> <span class='ocrx_word' id='word_1_476' title='bbox 336 2680 354 2701; x_wconf 72' lang='grc' dir='ltr'>ο</span> <span class='ocrx_word' id='word_1_477' title='bbox 380 2672 640 2711; x_wconf 76' lang='lat' dir='ltr'><strong>speoialmente</strong></span> <span class='ocrx_word' id='word_1_478' title='bbox 665 2674 704 2705; x_wconf 75' lang='lat' dir='ltr'><strong>dt</strong></span> <span class='ocrx_word' id='word_1_479' title='bbox 729 2674 813 2726; x_wconf 60' lang='lat' dir='ltr'><strong>Elio</strong></span> <span class='ocrx_word' id='word_1_480' title='bbox 838 2672 1003 2708; x_wconf 60' lang='lat' dir='ltr'><strong>Aristide</strong></span> <span class='ocrx_word' id='word_1_481' title='bbox 1030 2678 1179 2719; x_wconf 75' lang='lat' dir='ltr'><strong>(mogio</strong></span> <span class='ocrx_word' id='word_1_482' title='bbox 1205 2680 1242 2710; x_wconf 86' lang='lat' dir='ltr'><strong>di</strong></span> <span class='ocrx_word' id='word_1_483' title='bbox 1273 2669 1418 2723; x_wconf 75' lang='lat' dir='ltr'><strong>Ron&#39;m).</strong></span> 
     </span>
    </p>
   </div>
   <div class='ocr_carea' id='block_1_45' title="bbox 1970 0 2248 33">
    <p class='ocr_par' dir='ltr' id='par_1_45' title="bbox 1970 0 2248 33">
     <span class='ocr_line' id='line_1_78' title="bbox 1970 0 2248 20; baseline 0.007 -7"><span class='ocrx_word' id='word_1_484' title='bbox 1970 0 2010 16; x_wconf 60' lang='grc' dir='ltr'><strong>..τι</strong></span> <span class='ocrx_word' id='word_1_485' title='bbox 2021 0 2073 20; x_wconf 63' lang='lat'><strong>&#39;.⁴‚-&#39;.·</strong></span> <span class='ocrx_word' id='word_1_486' title='bbox 2093 0 2154 14; x_wconf 58' lang='lat'><strong>*320*</strong></span> <span class='ocrx_word' id='word_1_487' title='bbox 2170 0 2180 4; x_wconf 83' lang='lat'>&#39;</span> <span class='ocrx_word' id='word_1_488' title='bbox 2192 0 2248 20; x_wconf 48' lang='grc' dir='ltr'><strong>’.κ-ν-</strong></span> 
     </span>
     <span class='ocr_line' id='line_1_79' title="bbox 2016 21 2156 33; baseline 0.007 -1"><span class='ocrx_word' id='word_1_489' title='bbox 2016 27 2018 32; x_wconf 56' lang='grc'><em>»</em></span> <span class='ocrx_word' id='word_1_490' title='bbox 2079 21 2087 33; x_wconf 55' lang='grc' dir='ltr'>ἲ</span> <span class='ocrx_word' id='word_1_491' title='bbox 2154 23 2156 26; x_wconf 80' lang='grc'>’</span> 
     </span>
    </p>
   </div>
  </div>
 </body>
</html>
