2248 3372
249 174 293 205 70
745 182 787 208 Π,
812 182 1015 208 TRATTATO
1039 184 1172 209 DELLA
1198 178 1441 214 MONARcmA

842 260 1979 283 NWVWWWVWWVMW

303 346 423 383 Tutto
452 347 475 382 il
505 347 603 384 libro
632 349 754 389 terzo,
784 350 920 385 scritto
950 348 1000 385 da
1028 348 1220 387 Tolomeo
1258 349 1296 387 di
1333 350 1472 394 Lacca,
1509 363 1586 390 non
1616 354 1639 390 e
1668 354 1739 391 che
1786 365 1836 392 un
1880 356 1975 394 ulte-

194 411 297 448 riore
327 411 590 458 svolgimento
610 411 646 448 di
667 415 808 458 questo
828 415 1024 456 concetto,
1045 424 1118 450 con
1148 424 1271 460 prove
1301 426 1323 452 e
1353 416 1635 463 ragionamenti
1656 429 1798 464 spesso
1819 419 1974 459 desunti

195 475 246 513 da
283 475 364 513 San
402 476 586 519 Tomaso,
615 477 805 520 cosicche‚
835 488 880 514 se
909 488 986 515 non
1015 489 1169 524 sempre
1198 479 1237 516 la
1266 481 1415 525 pamla,
1444 491 1586 528 spesso
1625 483 1804 522 abbiamo
1834 485 1858 522 il
1889 494 1979 532 pen-
2012 512 2014 515 -

195 542 300 578 siero
330 540 628 587 dell'Aquinate.
657 541 669 578 Ι
698 543 803 588 passi
842 542 945 579 della
983 542 1122 580 Bibbia
1159 554 1259 581 sono
1297 545 1414 591 quelli
1443 541 1538 589 noti,
1568 547 1639 584 che
1669 547 1717 585 D.
1738 549 1787 586 ha
1803 552 1977 588 -cercato
2047 551 2051 554 “

196 606 233 643 di
262 605 466 643 confutare
495 607 557 643 nel
578 603 697 644 'terzo
727 607 824 644 libro
853 607 917 643 del
956 619 1029 645 suo
1067 601 1242 646 trattato.
1272 609 1326 646 Le
1364 611 1501 656 parole
1531 611 1567 648 di
1602 611 1735 650 Cristo
1765 624 1788 651 a
1822 614 1976 652 Pietro:

197 671 330 708 Pietro
358 673 400 708 tu
428 671 486 708 sei
515 658 641 717 pietra
669 683 691 708 e
720 682 839 718 sopra
867 674 1007 718 questa
1035 673 1161 718 pietra
1189 673 1404 712 edifichero
1434 676 1471 712 13
1491 676 1566 713 ῐηί3
1586 675 1743 720 Chiesa,
1760 689 1783 715 e
1804 679 1841 716 le
1863 682 1976 726 porte

196 735 447 774 dell’inferno
476 744 849 783 nonprevarranno
879 740 1017 775 contro
1045 738 1082 774 di
1112 749 1216 781 essa,
1246 739 1377 777 hanno
1405 743 1526 778 avuto
1546 752 1623 779 una
1643 742 1843 781 conferma
1873 744 1978 782 dalla

195 802 338 839 storia:
368 801 559 838 Federico
587 801 625 844 II,
655 801 863 844 Manfredi,
882 801 1114 846 Corradino‚
1144 804 1282 840 nemici
1315 804 1378 841 del
1414 803 1617 843 Pontefice
1638 818 1660 843 e
1682 807 1786 844 della
1817 807 1976 853 Chiesa,

194 865 363 904 finirono
392 867 480 902 tutti
510 867 794 914 miseramente,
825 878 847 903 e
877 867 914 904 13
943 868 1030 904 loro
1060 867 1139 904 fine
1182 868 1385 906 dovrebbe
1428 870 1578 907 servire
1608 871 1646 908 di
1675 873 1976 911 ammonimento

197 919 232 956 ai
262 920 431 965 reprobi.
949 961 956 966 ,

306 973 402 1009 Erra
417 973 551 1018 percio
569 973 627 1009 chi
643 972 760 1009 crede
781 973 851 1009 che
881 974 917 1009 le
933 974 1069 1018 parole
1097 976 1233 1010 «tutto
1249 974 1309 1011 cio
1327 975 1398 1011 che
1427 976 1535 1012 avrai
1552 976 1686 1023 legato
1701 978 1738 1014 in
1759 980 1865 1016 terra
1884 981 1977 1016 sara

195 1038 330 1084 legato
360 1038 481 1074 anche
511 1037 547 1073 in
564 1038 664 1074 cielo
684 1040 759 1074 etc.
775 1053 793 1070 >›
817 1038 928 1074 siano
957 1038 1008 1074 da
1027 1037 1187 1075 riferirsi
1209 1039 1286 1075 alla
1306 1039 1394 1076 sola
1419 1041 1577 1085 potesta
1598 1041 1811 1086 spirituale,
1831 1044 1976 1088 perche

195 1103 317 1139 anche
347 1102 371 1138 il
401 1103 606 1147 corporale
636 1113 658 1139 e
688 1103 906 1148 temporale
935 1103 1104 1156 dipende
1147 1103 1252 1140 dallo
1294 1104 1507 1150 spirituale,
1537 1115 1648 1142 come
1677 1107 1714 1143 le
1749 1108 1974 1153 operazioni

195 1166 258 1203 del
288 1177 408 1212 corpo
438 1167 661 1212 dipendono
690 1167 794 1204 dalla
822 1168 924 1204 virtu
952 1167 1193 1204 dell'anima.
1230 1183 1247 1200 «
1276 1167 1387 1205 Sicut
1415 1179 1513 1216 ergo
1542 1180 1685 1216 corpus
1713 1181 1784 1216 per
1812 1172 1975 1210 animam

195 1231 316 1268 habet
344 1242 448 1274 esse,
490 1232 671 1268 virtutem
701 1234 742 1268 et
783 1233 1068 1278 operationem,
1098 1234 1140 1269 ut
1184 1243 1233 1270 ex
1274 1233 1406 1270 verbis
1448 1233 1671 1280 Philosophi
1701 1238 1741 1272 et
1771 1235 1979 1284 Augustini

196 1296 274 1342 (De
303 1297 590 1333 immortalitate
629 1298 798 1343 animae)
827 1299 947 1343 patet,
977 1298 1030 1333 ita
1059 1300 1100 1334 et
1128 1298 1355 1343 temporalis
1397 1298 1630 1336 iurisdictio*
1652 1300 1862 1346 principum
1905 1286 1975 1347 per

195 1361 434 1406 spiritualem
465 1361 568 1398 Petri
598 1364 638 1398 et
666 1372 937 1399 successorem
966 1362 1051 1399 eius
1080 1378 1116 1398 ».

304 1425 436 1463 Anche
457 1437 527 1472 per
545 1429 685 1472 questa
704 1427 829 1463 verita
849 1438 926 1463 non
956 1437 1145 1464 mancano
1166 1438 1289 1473 prove
1318 1428 1422 1464 nella
1441 1428 1564 1465 storia
1581 1438 1589 1464 ε
1611 1429 1635 1465 il
1669 1439 1771 1475 papa
1799 1429 1972 1468 Adriano

196 1491 351 1528 costitui
373 1490 493 1528 Carlo
514 1491 663 1539 Magno
691 1492 938 1538 imperatore,
969 1491 1101 1528 Leone
1131 1492 1193 1528 die
1223 1492 1259 1528 la
1293 1491 1440 1539 dignita
1469 1492 1667 1538 imperiale
1697 1493 1746 1530 ad
1777 1493 1927 1531 Ottone
1947 1494 1973 1531 1.

198 1555 229 1591 E
248 1566 358 1592 come
379 1556 389 1591 i
411 1556 498 1601 papi
518 1556 648 1593 hanno
668 1556 761 1593 dato
781 1558 864 1593 cosi
879 1556 1008 1594 hanno
1028 1557 1128 1593 tolto
1144 1555 1167 1592 l'
1183 1557 1349 1602 impero,
1359 1556 1515 1602 quando
1531 1556 1682 1594 l'eletto
1711 1558 1743 1595 si
1773 1562 1972 1596 mostrava

195 1620 366 1667 indegno
387 1620 449 1657 del
480 1623 617 1667 potere
654 1636 671 1654 ‹<
700 1622 822 1666 prImo
851 1622 951 1658 enim
980 1622 1197 1658 invenimus
1216 1621 1265 1658 de
1285 1621 1476 1658 Zacharia
1494 1622 1592 1658 hanc
1613 1624 1850 1668 potestatem
1865 1634 1974 1661 exer-

196 1685 324 1722 cuisse
341 1696 411 1731 per
439 1697 572 1732 regem
601 1685 851 1727 Francorum,
882 1686 972 1732 quia
1000 1687 1122 1732 ipsum
1152 1671 1336 1732 deposfuit
1363 1696 1387 1722 a
1415 1696 1540 1733 regno
1569 1689 1609 1723 et
1637 1697 1774 1724 omnes
1801 1688 1973 1726 barones

197 1750 246 1786 ab
275 1750 491 1787 iuramento
519 1749 722 1787 fidelitatis
750 1751 931 1787 absolvit.
962 1750 1053 1787 Item
1083 1751 1132 1787 de
1161 1750 1385 1787 Innocentio
1414 1749 1465 1793 111,
1495 1751 1558 1796 qui
1589 1750 1752 1788 Otthoni
1781 1751 1830 1789 IV
1858 1753 1974 1799 impe-

195 1815 290 1850 rium
320 1815 502 1858 abstulit;
524 1817 564 1851 et
583 1814 773 1851 Federico
794 1814 819 1851 11
838 1815 911 1852 hoc
932 1816 1022 1851 item
1043 1815 1183 1851 accidit
1204 1826 1274 1860 per
1294 1814 1519 1858 Honorium‚
1536 1815 1759 1853 Innocentio
1775 1817 1971 1854 Immedia-

193 1881 272 1916 tum
288 1890 557 1916 successorem
569 1895 585 1911 »
597 1907 604 1915 .
616 1878 791 1916 Un’altra
802 1890 937 1925 prova,
954 1890 976 1916 e
997 1890 1073 1916 non
1091 1880 1251 1925 piccola‚
1264 1890 1309 1915 ce
1321 1879 1358 1915 la
1370 1878 1472 1916 offre
1489 1890 1583 1924 pure
1601 1880 1638 1916 la
1655 1881 1778 1916 storia
1793 1891 1967 1919 romana:

195 1949 411 1987 Ottaviano
431 1950 611 1997 Augusto
630 1951 759 1987 ricuso
789 1950 813 1986 il
842 1951 955 1987 titolo
985 1950 1020 1986 di
1041 1961 1084 1987 re
1105 1951 1140 1986 in
1161 1951 1249 1996 quel
1271 1952 1402 1995 tempo
1423 1950 1459 1986 in
1489 1950 1548 1986 cui
1579 1952 1692 1987 stava
1714 1961 1784 1996 per
1803 1961 1967 1988 nascere

194 2013 309 2052 Colui
337 2030 354 2047 «
374 2016 435 2061 qui
457 2014 528 2051 fuit
546 2026 664 2052 verus
685 2015 768 2051 Rex
797 2018 837 2052 et
856 2014 1055 2052 Sacerdos
1074 2018 1115 2051 et
1134 2015 1350 2052 Monarcha
1369 2015 1440 2061 (1).
1463 2014 1494 2050 E
1513 2025 1589 2051 non
1606 2015 1693 2051 solo
1715 2014 1967 2059 Costantino,

192 2091 255 2117 ma
283 2067 406 2117 anche
434 2081 444 2116 i
475 2081 559 2117 suoi
589 2081 809 2117 successori
838 2079 980 2117 furono
1009 2080 1236 2126 ossequenti
1268 2080 1346 2116 alla
1376 2078 1525 2116 Chiesa
1554 2079 1591 2116 di
1622 2079 1756 2122 Roma,
1795 2091 1906 2117 come
1935 2082 1968 2118 si

192 2145 295 2181 vede
325 2145 386 2182 dai
416 2148 572 2191 quattro
602 2144 764 2182 Concilii
795 2156 818 2181 a
847 2146 905 2181 cui
935 2145 967 2181 si
997 2145 1249 2181 sottomisero
1279 2145 1351 2191 (2).
1383 2143 1552 2189 Quando
1599 2145 1663 2190 poi
1693 2143 1970 2191 l’Imperatore

193 2209 229 2245 di
261 2209 575 2255 Costantinopoli
618 2221 695 2247 non
724 2209 766 2246 fu
794 2210 830 2246 in
873 2209 998 2257 grado
1028 2209 1064 2246 di
1108 2219 1337 2246 soccorrere
1367 2209 1405 2245 la
1434 2208 1580 2245 Chiesa
1608 2212 1747 2246 contro
1777 2210 1787 2246 i
1817 2210 1970 2258 Longo-

192 2274 314 2315 bardi,
345 2275 376 2311 si
406 2275 506 2311 ebbe
535 2275 559 2310 il
589 2274 878 2311 trasferimento
916 2275 979 2311 del
1009 2277 1146 2320 potere
1177 2274 1239 2310 dai
1270 2273 1386 2311 Greci
1416 2274 1451 2310 ai
1483 2273 1680 2310 Germani.
1718 2289 1736 2306 «
1764 2274 1872 2312 Tunc
1902 2263 1969 2322 i'gi-

192 2340 254 2375 tur
282 2342 448 2386 gravata
478 2339 654 2376 Ecclesia
683 2349 706 2375 a
736 2339 1018 2386 Longobardis,
1049 2341 1089 2375 et
1118 2338 1460 2384 Costantinopolis
1490 2339 1651 2384 imperio
1680 2339 1860 2375 auxilium
1890 2349 1966 2376 non

191 2402 358 2445 ferente,
388 2400 607 2449 quia‘forte
637 2414 713 2440 non
757 2406 913 2449 poterat
955 2404 1039 2440 eius
1081 2403 1257 2448 potentia
1303 2403 1499 2445 diminuta,
1529 2402 1738 2439 advocavit
1783 2413 1967 2440 romanus

193 2467 368 2513 pontifex
397 2467 446 2504 ad
475 2468 533 2504 sui
563 2467 832 2504 defensionem
862 2470 998 2504 contra
1041 2467 1265 2513 praedictos
1307 2467 1498 2504 barbaros
1541 2477 1675 2513 regem
1717 2466 1966 2504 Francorum.

193 2532 321 2569 Primo
350 2533 503 2578 quidem
533 2532 705 2578 Pipinum
735 2531 954 2577 Stephanus
983 2543 1085 2578 papa
1114 2534 1154 2568 et
1182 2542 1390 2568 successor
1419 2531 1632 2568 Zachariae
1658 2533 1795 2568 contra
1814 2531 1968 2569 Austul-

192 2598 305 2642 phum
352 2608 485 2644 regem
532 2597 892 2644 Longobardorum,
936 2596 1076 2633 deinde
1121 2596 1411 2633 Hadrianus‘et
1439 2596 1520 2632 Leo
1551 2595 1736 2633 Carolum
1779 2596 1966 2644 Magnum

191 2665 327 2699 contra
357 2662 601 2699 Desiderium
630 2661 833 2707 Austulphi
863 2652 1117 2706 fiIIum.'Quo
1146 2661 1340 2706 extirpato
1369 2664 1410 2698 et
1439 2661 1595 2698 devicto
1624 2672 1708 2697 cum
1738 2671 1809 2698 sua
1845 2663 1965 2708 gente

191 2730 351 2772 propter
379 2730 527 2763 tantum
556 2725 788 2763 beneficium
819 2725 1052 2778 Hadrianus,
1083 2726 1248 2762 concilio
1278 2726 1480 2762 celebrato
1512 2725 1842 2776 Romaejcentum
1862 2725 1966 2771 quin-

190 2792 375 2837 quaginta
412 2792 578 2837 quinque
622 2791 893 2837 episcoporum
924 2793 964 2827 et
992 2781 1270 2827 venerabilium
1315 2791 1509 2832 abbatum,
1540 2790 1736 2835 imperium
1766 2789 1803 2826 in
1833 2799 1966 2835 perso-

189 2865 276 2891 nam
307 2855 498 2902 magnifici
527 2856 708 2902 principis
738 2854 870 2892 Caroli
901 2866 924 2892 a
954 2854 1117 2892 Graecis
1146 2855 1343 2891 transtulit
1371 2855 1407 2891 in
1431 2854 1660 2891 Germanos.
1677 2853 1714 2890 In
1743 2864 1821 2899 quo
1855 2853 1963 2890 facto

188 2919 286 2956 satis
315 2921 533 2956 ostenditur
561 2913 737 2966 qualiter'
754 2922 933 2966 potestas
962 2920 1107 2965 imperii
1137 2930 1186 2956 ex
1215 2919 1356 2956 iudicio
1383 2919 1519 2964 Papae
1549 2917 1747 2964 dependet
1771 2930 1802 2954 ›>.

285 3055 336 3095 (1)
363 3055 399 3089 S.
427 3055 555 3087 Thom.
584 3066 616 3088 O.
642 3066 671 3088 o.
698 3057 763 3088 lib.
793 3056 860 3096 III,
887 3065 917 3087 θ.
949 3057 1005 3087 12.

285 3104 335 3144 (2)
363 3103 457 3134 Ibid.
484 3113 514 3135 o.
546 3104 597 3134 18.
659 3125 662 3128 «
