2248 3372
296 157 342 190 62
781 166 824 191 ιι,
847 166 1052 192 Tun-um
1076 167 1207 192 nnus
1233 168 1473 201 montaneam,

1180 243 2030 261 mmm

247 330 412 367 simbolo
441 330 478 366 di
498 341 575 366 una
609 331 767 376 potesta
794 331 1010 376 superiore,
1039 345 1058 364 «
1073 330 1180 378 Ergo
1200 331 1232 367 si
1252 331 1387 368 deviat
1405 334 1564 370 terrena
1583 337 1776 379 potestas,
1797 336 2027 375 iudicabitur

246 407 270 432 a
299 397 498 441 potestate
540 395 748 440 spirituali3
778 394 849 431 sed
877 395 910 432 si
943 395 1077 432 deviat
1104 396 1315 441 spiritualis
1343 397 1467 434 minor
1495 399 1602 445 (vale
1631 409 1655 435 a
1684 399 1767 436 dire
1801 401 1931 447 quella
1964 402 2028 440 dei

245 461 408 497 vescovi
437 471 459 496 e
488 459 550 496 dei
579 460 794 506 sacerdoti)
823 470 847 496 a
875 471 948 496 suo
967 460 1158 505 superiori
1188 461 1292 507 (8108
1312 460 1374 498 dal
1396 462 1633 510 pontefice);
1663 465 1695 500 si
1715 475 1813 502 vero
1833 475 2028 512 suprema,

245 535 269 562 a
297 525 385 562 solo
406 525 494 561 Deo
513 535 591 561 non
612 525 661 561 ab
680 524 834 561 homine
854 525 999 570 poterit
1017 525 1175 561 iudicari
1195 527 1368 563 testante
1388 525 1604 572 Apostolo;
1629 543 1647 560 «
1666 527 1889 575 Spiritualis
1908 531 2027 569 1101ηο

245 590 390 626 iudicat
417 590 557 631 omnia,
587 590 671 635 ipse
700 591 829 626 autem
859 600 882 626 a
910 590 1063 626 nemine
1092 589 1283 626 iudicatur
1311 606 1348 626 ».
1386 591 1417 627 E
1450 592 1488 628 la
1516 593 1622 629 bolla
1651 594 1682 630 si
1712 594 1903 631 chiudeva
1926 596 2027 633 colle

244 655 425 702 seguenti
455 655 611 700 parole:
649 669 667 686 «
687 654 811 691 Porro
843 655 1011 691 subesse
1042 665 1207 691 romano
1240 655 1414 701 pontifici
1458 657 1560 693 omni
1594 658 1784 695 humanae
1822 663 2027 698 creaturae

245 719 500 761 declaramus,
521 719 682 756 dicimus
709 720 750 755 et
778 718 983 755 definimus
1012 720 1168 756 omnino
1198 730 1288 757 esse
1318 720 1367 757 de
1397 722 1636 759 necessitate
1665 723 1804 760 salutis
1829 739 1866 759 ».

353 783 508 829 Questa
539 784 645 820 bolla
678 783 741 820 die
774 784 894 830 luogo
928 794 951 820 a
985 794 1062 821 una
1094 783 1273 821 fioritura
1300 785 1338 821 di
1368 787 1545 831 opuscoli
1575 787 1758 824 destinati
1779 798 1804 824 a
1823 788 2027 826 confutare

197 865 208 872 -
244 850 281 886 18
310 850 464 896 ragioni
484 860 506 885 e
527 850 563 885 le
593 851 752 895 pretese
783 848 845 884 del
875 859 990 894 papa.
1025 848 1142 894 Dopo
1170 850 1207 886 le
1237 850 1357 895 prime
1387 851 1606 898 avvisaglie
1637 852 1674 888 di
1709 852 1841 890 Pietro
1878 853 2029 891 Dubois

244 915 347 951 colla
365 924 438 951 sua
457 914 681 960 Disputan’o
710 914 810 950 inter
835 914 994 950 militem
1023 917 1063 950 et
1089 914 1272 951 elert‘cum
1300 925 1422 961 super
1440 919 1644 960 potestate
1664 918 1862 963 praelatis
1892 919 2027 956 Eccle-

244 980 332 1016 siae
351 983 472 1025 atque
483 979 729 1025 principibus
747 982 936 1015 terrarum
957 979 1187 1021 commissa,
1209 980 1409 1016 attribuita
1429 990 1505 1016 una
1525 981 1634 1018 volta
1654 981 1703 1018 ad
1725 981 1876 1019 Ockam
1914 984 1974 1029 (l)
2004 994 2026 1019 e

243 1045 346 1082 colla
373 1044 612 1081 Deliberati0
631 1054 752 1090 super
777 1043 946 1090 agendis
964 1054 991 1080 a
1012 1043 1189 1090 Plzilzppo
1204 1043 1263 1085 1V,
1293 1045 1335 1080 F.
1364 1053 1467 1091 rege,
1489 1049 1626 1082 eontra
1646 1047 1854 1092 epistolam
1869 1058 2022 1094 papae,

243 1109 286 1146 fu
314 1109 406 1146 data
434 1110 472 1145 la
499 1119 596 1145 vera
624 1119 660 1145 e.
675 1108 825 1155 grande
853 1108 1049 1155 battaglia
1077 1108 1128 1144 da
1148 1097 1342 1145 Giova'nni
1363 1109 1399 1145 di
1435 1103 1563 1157 Parigi
1595 1111 1656 1147 col
1686 1121 1759 1148 suo
1779 1113 1943 1149 trattato
1965 1113 2026 1149 De

244 1178 441 1212 votestate
469 1174 580 1221 regia
601 1177 640 1210 et
651 1173 798 1219 papali
814 1174 886 1219 (2).

352 1239 429 1276 Per
448 1239 646 1275 eliminare
675 1238 806 1275 subito
835 1238 873 1274 13
901 1238 1110 1283 questione
1139 1237 1243 1274 della
1262 1239 1460 1288 necessita
1480 1239 1516 1275 di
1539 1250 1588 1276 un
1610 1240 1757 1286 impero
1772 1240 1972 1278 destinato
2002 1251 2026 1278 a

243 1307 382 1342 tenere
403 1304 576 1351 soggetti
598 1304 608 1340 i
628 1303 751 1350 regni,
774 1302 968 1339 Giovanni
989 1302 1039 1338 da
1059 1302 1202 1350 Parigi,
1218 1313 1340 1339 senza
1355 1303 1530 1348 perdersi
1548 1304 1584 1340 in
1606 1305 1818 1350 preamboli
1838 1304 2024 1342 filosofici
2094 1324 2108 1335 κ

244 1370 303 1406 sul
319 1368 400 1406 fine
429 1368 534 1405 della
553 1368 716 1410 societa,
737 1367 831 1404 data
850 1368 888 1403 la
907 1366 1143 1404 definizione
1172 1367 1209 1403 di
1238 1378 1375 1414 regno,
1392 1366 1580 1405 dimostra
1599 1379 1710 1405 come
1730 1372 1871 1415 questa
1899 1369 2025 1408 forma

243 1435 303 1472 sia
330 1433 354 1470 l’
370 1434 477 1470 unita
497 1433 655 1479 politica
674 1431 856 1478 perfetta,
877 1432 900 1467 il
921 1442 1019 1468 vero
1052 1433 1158 1468 stato
1193 1432 1428 1474 autarchico‚
1459 1432 1495 1468 in
1516 1435 1665 1478 quanto
1683 1435 1759 1479 pub
1780 1437 1887 1470 stare
1907 1434 1958 1470 da
1978 1437 2022 1472 se

243 1509 364 1537 senza
391 1498 534 1534 l’aiuto
563 1497 599 1533 di
630 1507 679 1533 un
718 1498 819 1533 altro
854 1498 959 1540 stato
1001 1497 1072 1532 che
1110 1497 1162 1543 gli
1201 1497 1276 1533 stia
1314 1497 1350 1533 al
1388 1497 1558 1542 disopra.
1600 1513 1618 1530 «
1653 1498 1828 1545 Regnum
1867 1500 2022 1545 proprie

243 1566 444 1610 acceptum
486 1563 608 1610 (nella
649 1572 721 1599 sua
748 1572 845 1598 vera
882 1572 905 1598 e
944 1561 1101 1607 propria
1134 1562 1361 1608 accezione)
1390 1562 1445 1598 sic
1475 1564 1608 1607 potest
1636 1562 1811 1599 definiri:
1847 1547 2023 1611 Regnum

243 1631 306 1666 est
328 1629 502 1675 regimen
531 1627 785 1663 multitudinis
813 1625 1015 1672 perfectae
1052 1625 1102 1662 ad
1135 1637 1336 1662 commune
1364 1627 1507 1663 bonum
1537 1627 1754 1664 ordinatum
1783 1628 1832 1664 ab
1863 1638 1940 1664 uno
1959 1644 1996 1664 ».

351 1694 406 1730 La
440 1693 546 1729 unita
580 1692 684 1728 della
718 1690 865 1728 Chiesa
894 1691 1077 1727 cristiana
1106 1691 1270 1738 esigeva
1299 1692 1370 1727 8118
1405 1702 1482 1728 uno
1511 1691 1621 1728 fosse
1642 1693 1666 1728 il
1686 1703 1786 1738 capo
1806 1693 2020 1739 spirituale,

241 1769 303 1795 ma
330 1769 407 1795 non
438 1760 606 1803 portava
635 1767 708 1793 con
738 1758 783 1792 se
820 1757 859 1792 la
895 1756 1093 1792 necessita
1121 1756 1192 1792 che
1231 1766 1308 1792 uno
1346 1756 1518 1793 dovesse
1557 1767 1694 1793 essere
1723 1757 1747 1793 il
1786 1767 1886 1803 capo
1915 1758 2019 1794 nella

241 1823 393 1860 societa
426 1822 604 1868 politica;
634 1831 656 1857 e
686 1823 834 1857 mentre
865 1820 1093 1857 l’interesse
1123 1820 1226 1856 della
1259 1819 1406 1857 Chiesa
1434 1821 1657 1858 richiedeva
1694 1822 1766 1858 8118
1799 1822 1811 1858 i
1843 1823 1930 1859 suoi
1960 1823 2023 1858 mi-

241 1888 350 1924 nistri
379 1888 628 1924 ricevessero
656 1886 709 1933 gli
737 1885 862 1922 ordini
892 1884 955 1921 dal
985 1883 1195 1930 pontefice,
1217 1885 1227 1920 i
1248 1885 1392 1921 diversi
1413 1886 1571 1931 principi
1593 1887 1796 1931 temporali
1818 1889 2019 1932 potevano

241 1952 472 2000 governarsi
501 1949 924 1996 indipendentemente.
964 1949 1026 1985 Gli
1056 1950 1198 1986 1101111111
1228 1948 1483 1986 differiscono
1504 1960 1574 1995 per
1603 1951 1626 1986 il
1664 1960 1798 1996 corpo,
1836 1961 1913 1987 non
1953 1940 2045 1996 per'

241 2017 265 2054 l‘
277 2018 403 2054 anima
430 2028 454 2062 e
484 2016 616 2062 percio
648 2028 667 2050 «
687 2014 915 2052 Saecularis
939 2016 1124 2060 *potestas
1153 2014 1239 2059 plus
1267 2014 1387 2051 habet
1414 2014 1654 2051 diversitatis
1691 2015 1902 2051 secundum
1937 2026 2021 2052 sae-

240 2083 444 2119 cularitate
491 2083 532 2117 et
577 2080 886 2126 complexionum
937 2078 1205 2115 diversitatem
1258 2089 1371 2124 quam
1414 2079 1639 2124 spiritualis,
1677 2089 1778 2124 quae
1821 2080 1944 2116 minus
1985 2080 2021 2116 in

239 2147 383 2183 talibus
410 2146 603 2188 variatur;
633 2144 735 2181 unde
773 2155 850 2180 non
889 2145 1048 2189 oportet
1085 2153 1177 2179 esse
1215 2146 1361 2179 tantam
1400 2143 1692 2180 universitatem
1731 2144 1767 2180 in
1806 2154 1883 2180 una
1923 2144 2023 2180 sicut

241 2212 278 2248 in
310 2212 386 2248 alia
416 2224 450 2246 >›.

313 2299 318 2304 -
347 2276 409 2313 Gli
439 2275 562 2312 ordini
597 2274 764 2311 emanati
797 2273 1071 2310 dall'autorita
1091 2273 1292 2318 spirituale
1322 2273 1354 2309 si
1385 2272 1614 2320 ptopagano
1643 2274 1707 2319 piu
1741 2275 1876 2319 presto
1904 2284 1927 2309 e
1953 2274 2016 2318 piu

239 2342 401 2378 lontano
430 2341 502 2377 8118
531 2340 583 2386 gli
613 2339 737 2376 ordini
767 2338 846 2374 dati
876 2338 939 2374 dal
968 2348 1024 2379 re,
1046 2348 1116 2382 per
1146 2338 1153 2372 i
1183 2338 1286 2382 quali
1316 2337 1375 2373 c'e
1403 2348 1545 2382 spesso
1574 2338 1743 2384 bisogno
1771 2337 1876 2374 della
1888 2324 2015 2374 ‘forza

239 2406 453 2443 materiale.
473 2404 510 2440 ln
540 2403 716 2441 secondo
745 2403 865 2449 luogo
894 2413 971 2438 non
1001 2402 1116 2438 basta
1146 2412 1223 2438 uno
1253 2402 1341 2438 solo
1371 2412 1395 2438 a
1423 2402 1623 2438 dominare
1645 2413 1691 2438 su
1711 2403 1813 2438 tutto
1834 2402 1858 2437 il
1879 2401 2020 2439 mondo

238 2481 309 2517 per
337 2471 373 2506 le
402 2480 496 2506 cose
525 2468 741 2514 temporali,
759 2478 869 2504 come
897 2467 1013 2503 basta
1042 2477 1119 2502 uno
1148 2467 1236 2502 solo
1272 2477 1343 2511 per
1371 2467 1407 2502 le
1437 2466 1638 2511 spirituali,
1666 2481 1683 2498 «
1704 2465 1807 2510 Quia
1836 2468 2016 2512 potestas

236 2535 448 2582 spiritualis
476 2544 679 2570 censuram
722 2542 831 2569 suam
877 2533 1137 2567 transmutare
1167 2532 1300 2576 potest
1328 2529 1496 2566 faciliter
1526 2530 1576 2566 ad
1607 2541 1745 2567 omnes
1764 2532 1842 2567 tam
1872 2530 2023 2577 propin·

237 2611 338 2646 quos
365 2610 479 2645 quam
507 2600 693 2639 remotos,
723 2607 807 2633 cum
835 2597 887 2633 sit
913 2595 1097 2636 verbalis,
1140 2605 1217 2631 non
1247 2596 1427 2640 potestas
1456 2595 1671 2632 saecularis
1708 2595 1878 2642 gladium
1908 2605 2019 2632 suum

238 2675 323 2701 cum
351 2663 500 2700 effectu
528 2662 791 2699 transmittere
820 2663 898 2697 tam
931 2659 1098 2696 faciliter
1136 2661 1270 2705 potest
1306 2659 1356 2696 ad
1394 2662 1570 2696 remotos
1608 2670 1692 2696 cum
1722 2660 1774 2696 sit
1810 2660 2020 2702 manualis;

238 2728 391 2766 facilius
419 2730 482 2765 est
509 2728 610 2764 enim
638 2727 798 2764 verbum
828 2725 1042 2762 extendere
1071 2735 1184 2770 quam
1215 2735 1366 2761 manum
1396 2739 1433 2760 ».

334 2905 386 2948 (1)
412 2906 464 2936 Lo
489 2905 618 2936 Soholz
643 2905 729 2943 pero
766 2906 873 2935 trova
897 2903 964 2934 che
990 2911 1060 2933 uon
1088 2902 1121 2933 oi
1160 2911 1249 2933 sono
1287 2901 1432 2942 ragioni
1470 2900 1702 2932 convincenti
1739 2909 1803 2940 per
1825 2899 2020 2931 attribuite

237 2963 439 3005 l'opusoolo
465 2963 500 2995 al
527 2964 585 2994 Du
612 2962 710 2994 Bois.

333 3021 388 3068 (κ)
415 3023 457 3054 C.
485 3022 651 3062 Cipolla:
677 3021 709 3052 11
749 3021 803 3052 De
828 3020 1042 3052 Monarchia
1067 3019 1106 3051 di
1130 3020 1177 3051 D.
1206 3019 1250 3051 A.
1274 3028 1294 3050 o
1321 3018 1348 3050 il
1375 3019 1430 3049 De
1466 3020 1648 3058 potestate
1686 3018 1788 3058 regia
1825 3021 1861 3050 et
1894 3018 2018 3059 papali

237 3083 275 3114 di
302 3081 484 3114 Giovanni
511 3081 558 3112 da
584 3080 720 3120 Parigi.
746 3079 892 3119 Torino,
918 3078 1024 3110 Mem.
1050 3078 1137 3110 Aoo.
1164 3072 1301 3109 Sciant.
1326 3085 1362 3109 v.
1392 3077 1495 3108 XLII
1522 3086 1557 3109 n.
1587 3086 1616 3108 s.
1645 3086 1681 3116 p.
1711 3075 1879 3116 325-419.
