2248 3372
202 332 287 375 bus,
317 330 527 369 sudaturus
555 332 647 376 post
673 330 809 367 boves»
835 328 884 365 ad
913 328 1053 365 stivam

202 385 323 423 libere
352 394 538 422 reversus
579 385 652 420 est.
697 381 853 428 Quippe
886 382 924 418 in
968 382 1054 418 eius

213 443 366 482 laudem
408 443 549 480 Cicero
595 444 732 480 contra
770 442 973 488 Epicurum
1016 441 1051 478 in

204 498 251 536 iis
269 508 370 545 quae
400 498 460 534 De
483 497 567 543 fine
597 497 784 534 bonorum
815 495 1051 541 disceptans,

201 552 314 598 hujus
340 549 520 599 beneficii
541 560 687 587 memor
709 548 801 586 fuit:
835 564 852 581 ‹<
867 548 998 595 ltaque
1014 563 1050 590 >›‚

203 610 333 658 inquit,
369 623 388 643 α
406 611 447 646 et
475 609 643 646 maiores
680 609 801 646 nostri
841 608 890 646 ab
919 610 1051 645 aratro

202 663 394 701 duxerunt
422 661 690 700 Cincinnatum
720 662 835 705 illum,
866 663 908 699 ut
935 661 1053 698 dicta-

202 720 264 758 tor
299 718 410 754 esset
442 731 478 752 >›.
517 716 656 753 Nonne
694 715 895 753 Fabricius
933 715 1050 752 altum

202 776 315 814 nobis
347 775 455 813 dedit
482 776 697 822 exemplum
736 775 926 812 avaritiae
955 775 1051 812 resi·
1096 814 1098 816 ,

201 829 341 872 stendi‚
371 840 484 876 quum
505 829 858 876 pauper.4existens‚
880 839 950 875 pro
970 828 1050 865 fide

201 893 277 930 qua
304 883 541 929 reipublicae
557 877 776 926 tenebatur,
798 883 881 919 auri
900 881 1050 930 grande

202 935 354 983 pondus
391 937 562 973 oblatum
601 935 746 978 derisit,
786 946 831 972 ac
869 935 1049 978 derisum,

200 995 324 1033 verba
337 996 410 1033 sibi
425 995 699 1032 convenientia
714 994 894 1038 fundens,
910 994 1050 1041 despe-

202 1049 267 1091 xit,
297 1050 339 1085 et
365 1048 581 1085 refutavit?
610 1048 733 1085 Huius
762 1050 891 1085 autem
913 1059 1053 1086 memo-

203 1102 297 1139 riam
317 1101 561 1139 confirmavit
576 1101 701 1139 Poeta
721 1104 856 1139 noster
871 1103 908 1139 in
924 1104 1051 1151 sexto,

205 1171 288 1198 cum
318 1163 479 1198 caneret
494 1173 502 1199 :

313 1256 320 1262 .
343 1256 350 1262 .
372 1256 379 1262 .
400 1243 558 1271 parvoque
579 1237 733 1271 potentem

312 1270 495 1298 Fabricium.
567 1268 579 1282 ‘

256 1326 447 1374 Numquid
476 1338 552 1365 non
574 1327 820 1374 praeferendi
842 1330 953 1376 leges
969 1340 1054 1375 pro-

204 1381 298 1426 priis
321 1380 533 1418 commodis
544 1382 793 1419 memorabile
804 1383 917 1420 nobis
928 1392 1054 1420 exem-⁴
1089 1415 1091 1418 .

203 1434 288 1480 plar
316 1433 503 1471 Camillus
531 1434 603 1471 fuit
618 1435 637 1470 Ρ
664 1436 739 1482 qui,
761 1436 972 1473 secundum
994 1436 1050 1473 Li-

202 1487 315 1530 vium,
325 1487 529 1525 damnatus
539 1489 666 1531 exilio,
675 1492 880 1535 postquam
891 1490 1052 1535 patriam

207 1546 386 1584 liberavit
426 1547 643 1590 obsessam,
687 1550 728 1585 et
769 1549 895 1594 spolia
937 1549 1053 1586 etiam

199 1609 364 1642 romana
394 1599 540 1637 Romae
570 1601 750 1644 restituit,
776 1603 960 1639 universo
990 1613 1054 1648 po·
1090 1611 1091 1617 ¹

206 1652 298 1698 pulo
334 1653 583 1696 reclamante,
614 1655 662 1691 ab
701 1655 795 1692 urbe
833 1658 972 1692 sancta
999 1656 1054 1692 di-

206 1764 278 1802 sibi
306 1765 542 1811 repatriandi
572 1766 727 1804 licentia
747 1767 795 1804 de
821 1769 1054 1806 auctoritate

205 1818 367 1855 senatus
395 1818 514 1855 allata
543 1822 615 1856 est.
648 1820 694 1856 Et
722 1822 821 1858 hunc
857 1823 1054 1870 magnani-
1090 1854 1092 1862 ‚

206 1881 304 1908 mum
325 1870 451 1908 Poe-ta
471 1873 715 1910 commendat
735 1875 770 1911 in
792 1877 918 1918 sexto,
940 1887 1054 1922 quum
1090 1898 1092 1910 ‚

205 1923 297 1961 dicit
313 1936 320 1962 :

311 1993 490 2022 referentem
512 1994 602 2030 sigua
621 1995 793 2024 Camillum.

982 152 1110 187 *Am-1⁴:
1137 160 1182 186 11.

1863 148 1931 182 143

1127 324 1312 372 Appunto
1340 326 1377 362 in
1407 335 1479 363 sua
1508 325 1598 362 lode
1630 323 1824 362 Cicerone
1854 323 1982 370 dispu-

1127 390 1248 428 tando
1277 392 1415 428 contro
1446 390 1613 437 Epicuro
1643 390 1705 427 nel
1726 389 1887 427 Sommo
1916 389 1984 427 dei

1126 451 1227 493 beni,
1257 449 1345 487 fece
1374 450 1530 487 ricordo
1546 450 1583 487 di
1599 451 1740 496 questo
1760 448 1979 487 benefizio:

1135 525 1152 542 ‹<
1167 511 1188 547 Ι
1203 510 1330 563 11051ῃί
1346 510 1531 547 antenati
1555 514 1728 547 trassero
1749 509 1979 546 dall’aratro

1130 576 1364 613 Cincinnato
1395 576 1545 622 perche
1583 575 1700 621 fosse
1741 575 1923 620 dittatore
1942 590 1978 610 ».

1126 641 1213 678 Non
1243 641 1276 678 ci
1306 639 1420 678 diede
1450 640 1630 678 Fabrizio
1659 650 1708 677 un
1748 641 1833 676 alto·
1858 650 1981 676 esem·

1125 701 1190 747 pio
1219 700 1255 737 di
1295 701 1483 737 resistere
1513 699 1778 742 all’avarizia,
1808 698 1977 745 quando,

1125 759 1288 807 povero'‚
1318 771 1388 807 per
1427 760 1464 797 la
1501 759 1593 797 fede
1637 760 1708 796 che
1752 759 1790 796 lo
1834 761 1978 796 teneva

1125 822 1267 858 stretto
1279 820 1356 857 alla
1366 819 1603 866 repubblica‚
1616 818 1745 856 derise
1762 829 1785 855 e
1801 818 1978 864 respinse

1124 896 1198 932 con
1215 896 1381 931 sprezzo
1398 895 1475 922 una
1493 884 1644 932 grande
1660 884 1836 930 quantita
1852 883 1888 920 di
1908 894 1979 920 oro

1126 944 1340 992 offertagli‚
1378 944 1671 995 pronunciando
1706 944 1842 990 parole
1876 943 1979 989 quali

1124 1005 1156 1042 si
1187 1004 1432 1041 addicevano
1444 1005 1522 1041 alla
1537 1014 1609 1040 sua
1625 1003 1810 1051 dignita?
1839 1003 1887 1039 Di
1917 1003 1977 1039 cio

1124 1064 1166 1101 fa
1212 1063 1366 1100 ricordo
1414 1064 1536 1100 anche
1584 1063 1608 1099 il
1661 1064 1798 1100 nostro
1851 1062 1977 1099 Poeta

1125 1124 1188 1160 nel
1226 1125 1337 1160 sesto
1380 1123 1478 1160 libro
1508 1122 1729 1160 cantando:

1234 1197 1375 1225 Fabrizio
1397 1199 1520 1233 potente
1541 1197 1590 1225 nel
1613 1206 1705 1233 poco.

1128 1260 1159 1296 E
1188 1258 1354 1296 Camillo
1384 1270 1460 1296 non
1491 1259 1533 1296 fu
1563 1270 1632 1312 per
1660 1259 1726 1296 noi
1755 1270 1804 1295 un
1836 1269 1980 1295 memo-

1089 1339 1090 1342 =
1126 1318 1249 1356 rando
1292 1319 1467 1364 esempio
1504 1318 1541 1355 di
1580 1317 1769 1365 preterire
1799 1318 1835 1354 le
1874 1318 1979 1365 leggi

1126 1379 1162 1415 ai
1179 1379 1301 1415 nostri
1318 1378 1448 1424 propri
1464 1378 1674 1415 interessi?
1691 1378 1788 1425 Egli,
1805 1377 1980 1414 secondo

1128 1438 1249 1482 Livio,
1265 1437 1515 1475 condannato
1545 1437 1735 1479 all’esilio‚
1758 1437 1862 1482 dopo
1885 1447 1981 1473 aver

1127 1503 1293 1540 liberato
1309 1503 1346 1539 la
1376 1503 1501 1548 patria
1531 1502 1744 1543 assediata,
1775 1502 1926 1538 restitui
1957 1512 1980 1538 a

1129 1562 1251 1599 Roma
1280 1563 1316 1599 le
1346 1562 1499 1609 spoglie
1538 1571 1709 1604 romane,
1740 1572 1775 1604 e,
1805 1561 1980 1598 sebbene

1127 1623 1230 1658 tutto
1258 1622 1282 1657 il
1312 1622 1458 1667 popolo
1488 1623 1747 1667 protestasse,
1765 1622 1846 1657 usci
1876 1620 1980 1657 dalla

205 1705 358 1748 &essin
386 1716 459 1743 nee
488 1709 578 1743 ante
610 1711 795 1745 reversus
838 1710 911 1751 est,
941 1720 1053 1755 quam
1090 1694 1092 1747 3
1127 1687 1220 1723 citta
1249 1688 1375 1729 santa,
1406 1688 1455 1723 ne
1484 1687 1521 1723 vi
1551 1686 1638 1724 fece
1669 1687 1816 1723 ritorno
1860 1686 1981 1732 prima

1127 1746 1198 1783 che
1227 1746 1279 1794 gli
1317 1745 1427 1783 fosse
1465 1745 1559 1783 dato
1602 1745 1878 1783 dall'autorita
1916 1745 1979 1782 del

1127 1804 1278 1842 Senato
1300 1806 1322 1842 il
1345 1816 1548 1851 permesso
1569 1805 1606 1843 di
1627 1806 1882 1852 rimpatriare.
1903 1804 1980 1842 An-

1127 1865 1198 1902 che
1227 1867 1369 1911 questo
1395 1866 1640 1913 magnanimo
1661 1866 1789 1902 esalta
1809 1865 1832 1901 il
1855 1864 1981 1902 Poeta

1127 1926 1189 1962 nel
1219 1926 1330 1962 sesto
1360 1925 1470 1968 libro,
1501 1924 1657 1971 quando
1686 1924 1797 1962 dice:

1233 1999 1365 2027 Camillo
1385 1999 1441 2027 che
1461 1999 1579 2035 riporta
1598 1999 1626 2027 le
1647 1999 1784 2035 insegue.

301 2186 359 2225 De
378 2186 465 2230 fl‘ne
490 2189 585 2227 bon.
612 2193 659 2233 11,
687 2194 722 2226 4.
753 2194 906 2236 L’opera
931 2197 970 2228 di
996 2198 1170 2230 Cicerone
1197 2208 1258 2230 era
1274 2199 1339 2231 ben
1354 2200 1442 2230 nota.
1468 2208 1489 2230 a
1515 2200 1672 2236 l),oonie
1699 2199 1730 2231 si
1756 2200 1895 2232 deduoe
1921 2199 1983 2231 dal

206 2258 312 2290 passo
337 2249 396 2282 del
421 2250 535 2283 Conv⁸
566 2252 639 2291 1⁴7,
665 2251 699 2287 8.
728 2253 841 2286 'rutha
865 2257 993 2296 questa
1021 2257 1259 2299 leggendaria
1297 2258 1412 2291 storia
1448 2258 1547 2291 della
1585 2259 1789 2300 graudezza·
1826 2269 1976 2292 romana

204 2308 292 2348 puoi
319 2309 464 2341 vadet-Ia
490 2311 553 2350 pih
579 2312 866 2346 sucointamonte
891 2318 1037 2355 esposta
1062 2317 1121 2348 nel
1148 2316 1262 2351 Conv.
1294 2317 1356 2359 IV,
1387 2319 1420 2360 5,
1438 2327 1468 2350 e
1494 2317 1553 2350 nel
1592 2318 1722 2350 Parad.
1763 2318 1829 2361 Vl,
1870 2319 1975 2351 35-96

205 2375 224 2398 e
248 2377 313 2407 per
338 2367 507 2401 Fabrizio
532 2369 599 2404 cfr.
627 2371 742 2404 anche
768 2372 879 2414 Purg.
908 2374 987 2415 XX,
1015 2375 1133 2410 25-27.

1057 2446 1087 2478 O
1114 2447 1208 2480 buon
1236 2447 1430 2480 Fabbrizio

774 2503 850 2536 Con
877 2506 1027 2545 poverta
1052 2506 1192 2539 volesti·
1211 2508 1294 2540 anzi
1322 2508 1461 2541 virtute

739 2556 753 2561 “
772 2563 847 2596 Che
872 2574 964 2605 gran
989 2566 1176 2598 riochezza
1200 2567 1372 2607 posseder
1396 2577 1464 2600 oon
1492 2568 1603 2601 vizio.

299 2625 521 2666 secundum
545 2627 697 2668 Livium
720 2635 790 2668 ete.
820 2634 901 2667 Lib.
930 2636 973 2675 V,
1001 2637 1056 2669 32.

295 2699 418 2745 poeta
443 2699 709 2739 commendat.
739 2704 848 2747 Verg.
878 2706 964 2740 Aen.
993 2707 1055 2747 VI,
1084 2708 1166 2742 826.
